2332 3698
447 217 596 276 CICERO
619 217 678 275 DE
700 215 870 275 FINlBUS

210 341 480 400 commemorandis
505 360 669 411 eorumque
695 339 782 397 factis
806 359 868 396 non
897 338 1105 396 emolumento

208 462 309 533 aliquo
338 461 392 518 sed
420 464 513 531 ipsius
541 461 710 518 honestatis
738 460 848 517 decore
877 458 1045 528 laudandis,
1072 458 1104 514 id

209 587 309 637 totum
329 582 476 636 evertitur
495 598 532 636 eo
550 578 673 637 delectu
693 598 794 636 rerum
813 597 905 649 quem
927 577 1017 635 modo
1041 577 1104 633 dixi

209 696 385 762 constitut0,
410 699 446 749 ut
474 699 527 750 aut
554 693 726 764 voluptates
749 696 930 749 omittantur
957 694 1104 747 maiorum

209 806 400 878 voluptatum
414 806 676 878 adipiscendarum
696 826 784 864 causa
802 813 856 864 aut
875 804 994 862 dolores
1011 808 1103 862 susci-

208 924 331 992 piantur
344 925 491 977 maiorum
505 919 643 978 dolorum
657 895 898 990 effugiendorum
912 923 1017 989 gratia.

149 1044 186 1101 37
251 1038 305 1096 XI.
330 1025 417 1098 “Sed
431 1039 470 1096 de
486 1039 633 1096 clarorum
650 1039 807 1096 hominum
828 1038 915 1096 factis
936 1038 1103 1096 illustribus

209 1160 242 1210 et
252 1153 388 1224 gloriosis
403 1157 474 1210 satis
486 1153 620 1209 hocloco
635 1152 752 1210 dictum
763 1159 818 1209 est.
864 1153 930 1209 Erit
946 1156 1027 1209 enim
1042 1156 1102 1209 iam

209 1267 248 1325 de
268 1271 403 1325 omnium
420 1270 567 1325 virtutum
588 1287 676 1324 cursu
696 1267 735 1323 ad
755 1267 944 1337 voluptatem
964 1269 1103 1336 proprius

210 1380 378 1438 disserendi
404 1380 494 1437 locus.
540 1380 630 1437 Nunc
655 1387 758 1437 autem
784 1380 941 1450 explicabo
964 1378 1103 1450 voluptas

210 1499 274 1566 ipsa
302 1513 379 1563 quae
408 1493 565 1563 qualisque
594 1497 643 1562 sit,
672 1500 708 1550 ut
735 1492 860 1550 tollatur
889 1513 971 1550 error
1006 1497 1104 1550 omnis

210 1611 419 1678 imperitorum
454 1606 712 1677 intellegaturque
748 1626 783 1664 ea
820 1626 897 1678 quae
926 1607 1104 1677 voluptaria,

209 1720 350 1790 delicata,
379 1720 477 1778 mollis
506 1720 655 1778 habeatur
683 1720 841 1792 disciplina
871 1741 961 1792 quam
994 1725 1104 1791 gravia,

210 1855 301 1906 quam
321 1839 491 1905 continens
506 1855 596 1905 quam
616 1854 720 1892 severa
739 1840 786 1893 sit.
832 1836 901 1892 Non
922 1839 1004 1892 enim
1024 1835 1103 1892 hanc

210 1949 304 2007 solam
319 1953 473 2020 sequimur
487 1968 564 2019 quae
579 1952 727 2006 suavitate
738 1949 838 2019 aliqua
853 1956 992 2005 naturam
1006 1952 1102 2019 ipsam

209 2070 313 2120 movet
322 2070 355 2120 et
364 2083 433 2121 cum
442 2061 632 2118 iucunditate
638 2061 768 2132 quadam
778 2066 945 2134 percipitur
956 2064 1102 2133 sensibus,

210 2175 264 2233 sed
284 2179 445 2232 maximam
461 2173 649 2245 voluptatem
669 2174 751 2231 illam
770 2174 918 2231 habemus
937 2194 1014 2244 quae
1034 2196 1103 2246 per-

210 2292 321 2360 cipitur
340 2291 423 2345 omni
442 2286 545 2344 dolore
566 2287 712 2345 detracto.
758 2288 837 2344 Nam
858 2291 1011 2359 quoniam,
1033 2309 1102 2348 curn

209 2405 361 2473 privamur
376 2400 490 2472 dolore,
505 2405 569 2472 ipsa
583 2401 763 2459 liberatione
786 2409 820 2459 et
833 2407 985 2460 vacuitate
1005 2408 1102 2462 omnis

209 2515 367 2572 molestiae
382 2515 561 2585 gaudemus,
576 2535 666 2573 omne
686 2523 790 2573 autem
810 2515 842 2572 id
860 2536 920 2587 quo
934 2517 1102 2589 gaudemus

210 2629 349 2699 voluptas
365 2637 412 2687 est
426 2616 475 2698 (ut
489 2649 579 2687 omne
595 2649 655 2700 quo
670 2629 851 2686 offendimur
865 2618 975 2706 dolo-r),
991 2631 1101 2690 doloris

210 2745 307 2799 omnis
317 2745 445 2813 privatio
454 2750 537 2801 recte
549 2746 705 2800 nominata
715 2749 762 2800 est
772 2743 918 2814 voluptas.
951 2744 995 2802 Ut
1009 2749 1101 2816 enim,

210 2876 279 2914 cum
294 2856 361 2914 cibo
376 2865 408 2914 et
422 2861 547 2929 potione
564 2856 659 2914 fames
677 2861 803 2928 sitisque
824 2857 951 2930 depulsa
966 2866 1021 2928 est,
1037 2863 1102 2930 ipsa

209 2969 359 3027 detractio
378 2971 535 3028 molestiae
556 2975 803 3027 consecutionem
822 2970 909 3029 affert
928 2971 1103 3049 voluptatis,

210 3087 307 3141 sicin
331 3089 414 3142 omni
439 3104 472 3142 re
497 3083 609 3141 doloris
631 3088 744 3142 amotio
767 3089 988 3143 successionem
1011 3087 1104 3146 efficit

294 3174 334 3225 40
530 3179 533 3186 '
