2332 3698
446 206 596 266 CICERO
619 205 676 264 DE
699 206 723 264 F
725 205 867 266 INIBUS

212 347 304 399 quem
323 332 608 400 circumscripsimus
628 327 762 387 incidere
781 348 844 386 non
863 336 1000 400 possunt,
1015 327 1102 386 adhi-

212 425 331 483 bendae
346 429 470 482 omnino
484 444 546 482 non
561 425 693 482 fuerunt.
739 426 818 482 Nam
833 445 903 482 cum
917 429 1015 483 omnis
1025 424 1103 482 haec

212 525 349 592 quaestio
363 521 402 578 de
418 521 527 578 finibus
542 528 575 578 et
590 525 674 592 quasi
689 520 728 578 de
744 525 888 579 extremis
902 522 1051 578 bonorum
1068 528 1102 579 et

212 616 359 673 malorum
380 617 419 673 ab
441 636 478 673 eo
498 617 703 688 proficiscatur
723 616 805 688 quod
823 617 954 674 diximus
974 625 1101 675 naturae

212 731 279 769 esse
298 718 406 782 aptum
425 718 458 768 et
477 711 748 782 accommodatum,
765 711 907 783 quodque
928 716 1027 783 ipsum
1046 732 1103 784 per

211 793 390 879 seprimum
404 815 577 879 appetatur,
592 808 650 865 hoc
665 815 765 866 totum
780 817 814 866 et
828 813 849 865 ii
862 807 978 866 tollunt
997 812 1050 878 qui
1068 812 1102 864 in

124 981 128 986 ι
211 905 301 963 rebus
316 908 352 960 iis
367 908 399 960 in
415 904 524 974 quibus
538 903 615 961 nihil
629 912 683 962 aut
699 903 864 962 honestum
881 913 935 962 aut
951 911 1042 975 turpe
1061 908 1102 961 sit

211 1006 328 1070 negant
343 1019 409 1056 esse
424 999 519 1056 ullam
533 1019 653 1057 causam
667 1019 721 1057 cur
734 998 818 1057 aliud
831 999 882 1056 alii
896 1006 1103 1070 anteponatur

210 1116 269 1153 nec
283 1100 365 1153 inter
379 1115 430 1153 eas
444 1116 493 1153 res
508 1096 673 1166 quidquam
687 1100 810 1153 omnino
821 1103 933 1167 putant
942 1099 1103 1166 interesse,

211 1199 244 1250 et
267 1191 389 1262 Erillus,
411 1196 437 1250 si
459 1197 503 1249 ita
526 1196 631 1262 sensit,
653 1191 730 1248 nihil
754 1211 819 1250 esse
842 1192 957 1249 bonum
980 1199 1103 1263 praeter

213 1293 382 1358 scientiam,
406 1307 528 1346 omnem
553 1288 659 1346 consili
685 1287 825 1360 capiendi
850 1308 971 1346 causam
996 1291 1102 1346 inven-

210 1388 389 1454 tionemque
404 1385 481 1441 offici
496 1384 627 1442 sustulit.

253 1465 273 1492 “
282 1480 332 1538 Sic
348 1479 477 1536 exclusis
492 1483 652 1537 sententiis
670 1479 864 1550 reliquorum,
879 1501 949 1538 cum
966 1488 1102 1552 praeter-

211 1582 247 1620 ea
275 1561 360 1619 nulla
383 1582 449 1619 esse
475 1566 580 1634 possit,
603 1563 678 1620 haec
703 1567 898 1634 antiquorum
922 1564 1022 1621 valeat
1047 1584 1102 1621 ne-

210 1677 294 1716 cesse
304 1665 359 1715 est.
395 1645 512 1728 Igitur1
521 1662 662 1716 instituto
673 1665 822 1729 veterum,
832 1679 891 1730 quo
902 1663 996 1716 etiam
1008 1659 1103 1718 Stoici

210 1762 350 1824 utuntur,
366 1754 437 1811 hinc
452 1757 604 1826 capiamus
619 1754 784 1812 exordium.

149 1856 188 1906 24
253 1849 306 1908 IX.
333 1836 466 1909 “Omne
485 1849 596 1907 animal
615 1869 648 1908 se
663 1855 762 1922 ipsum
776 1851 887 1922 diligit,
902 1871 936 1907 ac
951 1851 1039 1909 simul
1055 1860 1103 1910 est

209 1929 328 1999 ortum²
343 1941 375 1998 id
389 1945 453 2010 agit
467 1947 502 1997 ut
513 1959 545 1996 se
557 1947 725 2010 conservet,
738 1940 819 2010 quod
833 1940 883 1997 hic
896 1944 924 1997 ei
938 1945 1052 2012 primus
1061 1941 1102 1998 ad

209 2049 333 2087 omnem
346 2034 440 2086 vitam
460 2027 607 2087 tuendam
626 2033 780 2100 appetitus
794 2050 812 2086 a
831 2038 940 2087 natura
954 2030 1053 2100 datur,
1068 2050 1101 2088 se

144 2193 149 2200 ·
209 2127 246 2177 ut
261 2126 420 2177 conservet
434 2125 526 2187 atque
541 2121 584 2173 ita
599 2121 638 2175 sit
652 2117 795 2175 affectum
809 2126 844 2176 ut
864 2123 979 2190 optime
994 2138 1100 2176 secun-

210 2207 284 2266 dum
300 2215 440 2265 naturam
454 2206 596 2264 affectum
612 2227 677 2265 esse
692 2212 794 2278 possit.
840 2209 930 2265 Hanc
950 2212 1038 2266 initio
1054 2213 1101 2266 in-

209 2300 402 2354 stitutionem
416 2294 572 2352 confusam
586 2295 680 2354 habet
695 2304 727 2354 ct
744 2301 902 2368 incertam,
917 2305 952 2356 ut
966 2305 1100 2356 tantum-

210 2385 301 2442 modo
315 2405 348 2442 se
363 2392 486 2442 tueatur
500 2384 721 2456 qualecumque
736 2390 794 2456 sit;
816 2388 870 2445 sed
889 2407 947 2445 nec
966 2387 1041 2459 quid
1060 2393 1100 2446 sit

209 2493 267 2532 nec
282 2475 356 2545 quid
369 2478 464 2546 possit
477 2493 535 2531 nec
550 2475 623 2545 quid
642 2479 735 2546 ipsius
753 2484 861 2534 natura
879 2481 919 2535 sit
935 2476 1097 2548 intellegit.

211 2564 287 2623 Cum
306 2573 409 2622 autem
429 2568 576 2635 processit
595 2564 719 2635 paulum
736 2573 769 2623 et
784 2574 933 2637 quatenus
948 2558 1100 2637 quidque³

208 2673 241 2713 se
255 2658 389 2724 attingat
402 2653 442 2710 ad
456 2673 550 2725 seque
564 2658 717 2725 pertineat
731 2659 901 2726 perspicere
911 2664 1022 2727 coepit,
1033 2663 1100 2713 tum

209 2746 321 2800 sensim
335 2747 443 2814 incipit
457 2743 600 2814 progredi
615 2763 742 2814 seseque
753 2764 917 2815 agnoscere
932 2753 965 2803 et
978 2745 1100 2803 intelle-

236 2898 356 2964 ¹Igitum
373 2900 419 2948 inf.
434 2899 512 2948 MSS.
527 2916 593 2964 ergo.

235 2963 294 3014 9εεί
308 2970 395 3014 ortum
412 2965 481 3030 conj.
503 2966 608 3029 Mfillcr,
630 2983 669 3031 cp.
694 2968 730 3027 ll,
750 2983 800 3030 333
819 2973 845 3017 et
860 2985 891 3017 or
910 2973 1044 3017 utorium
1061 2974 1101 3020 est

214 3031 303 3087 MSS.;
321 3028 367 3095 [et]
378 3036 465 3079 ortum
476 3036 516 3080 est
528 3032 601 3080 Mdv.

235 3094 367 3160 ⁸quidque
380 3097 479 3156 Baiter,
495 3097 607 3155 Miiller;
625 3099 761 3166 quidquid
771 3098 860 3158 MSS.¹
873 3099 945 3150 Mdv.

293 3171 354 3235 416
