2332 3698
384 191 535 250 CICERO
558 190 615 248 DE
638 191 806 250 FINIBUS

148 314 254 369 reiciat
279 311 361 381 quod
386 331 418 370 se
444 312 553 370 iisdem
578 312 731 383 Euripidis
756 312 866 369 fabulis
894 311 1042 370 delectari

149 419 241 489 dicat,
258 419 382 477 Latinas
396 420 515 478 litteras
531 421 648 478 oderit?
691 421 891 492 Synephebos
912 441 979 492 ego,
995 425 1041 479 in-

147 532 224 597 quit,
243 532 343 599 potius
363 528 475 586 Caecili
495 537 548 586 aut
568 529 716 586 Andriam
734 529 860 586 Terenti
881 550 972 600 quam
992 538 1041 588 ut-

108 640 125 690 5
147 654 272 706 ramque
285 637 447 694 Menandri
458 638 578 707 legam?
605 637 633 694 A
642 639 750 708 quibus
762 645 883 695 tantum
894 638 1042 696 dissentio

147 750 192 814 ut,
217 764 285 801 cum
309 744 475 816 Sophocles
498 745 547 803 vel
568 750 682 816 optime
703 750 856 817 scripserit
876 747 1040 817 Electram,

147 859 252 909 tamen
267 853 346 911 male
361 873 538 912 conversam
554 853 630 911 Atili
644 854 719 910 mihi
739 855 903 924 legendam
922 862 1040 926 putem,

148 960 187 1019 de
205 981 265 1031 quo
283 962 418 1021 Licinius
434 948 582 1021 ‘ferreum
600 963 797 1033 scriptorem,’
814 983 920 1021 verum
934 967 1041 1034 opinor

148 1073 326 1140 scriptorem
351 1079 465 1142 tamen,
490 1079 526 1128 ut
547 1070 697 1141 legendus
722 1075 770 1128 sit.
817 1071 935 1128 liudem
957 1075 1041 1129 enim

147 1183 342 1236 esseomnino
351 1183 383 1235 in
393 1184 503 1237 nostris
512 1183 610 1250 poetis
619 1187 672 1236 aut
681 1183 881 1236 inertissimae
891 1183 1040 1248 segnitiae

147 1294 194 1344 est
208 1295 262 1345 aut
276 1287 380 1345 fastidi
391 1289 606 1346 delicatissimi.
652 1287 731 1344 Mihi
742 1275 866 1358 quidem
880 1288 957 1344 nulli
968 1293 1041 1346 satis

146 1395 259 1452 eruditi
274 1396 416 1460 videntur
431 1397 539 1467 quibus
554 1403 658 1454 nostra
672 1400 777 1467 ignota
791 1404 870 1454 sunt.
916 1397 966 1452 An

270 1503 398 1562 Utinam
411 1525 452 1563 ne
466 1509 498 1561 in
513 1524 680 1562 nemore—

145 1611 242 1668 nihilo
256 1616 356 1671 minus
370 1613 500 1684 legimus
516 1634 607 1685 quam
620 1613 679 1671 hoc
689 1613 773 1670 idem
785 1613 945 1682 Graecum,
961 1633 1039 1683 quae

145 1727 249 1777 autem
263 1720 302 1779 de
316 1722 397 1780 bene
411 1724 563 1793 beateque
574 1722 704 1780 vivendo
715 1743 732 1778 a
744 1721 871 1778 Platone
885 1721 1041 1792 disputata

106 1825 124 1885 6
146 1835 228 1899 sunt,
243 1809 319 1886 haec
340 1831 484 1903 explicari
503 1851 566 1887 non
586 1831 720 1902 placebit
740 1829 868 1887 Latine?
911 1827 995 1898 Quid
1015 1834 1039 1887 si

145 1956 200 1994 nos
215 1957 277 1994 non
292 1942 497 2011 interpretum
518 1938 674 2009 fungimur
693 1958 830 2002 munere,
846 1936 900 1994 sed
919 1944 1040 1995 tuemer

146 2065 274 2117 eaquae
290 2046 372 2104 dicta
387 2054 459 2105 sunt
473 2047 511 2103 ab
525 2050 562 2104 iis
581 2066 656 2117 quos
676 2046 846 2116 probamus
862 2050 965 2115 eisque
985 2066 1039 2103 no-

145 2161 240 2211 strum
250 2155 395 2213 iudicium
405 2163 437 2212 et
445 2162 583 2212 nostrum
593 2153 745 2210 scribendi
754 2153 892 2210 ordinem
900 2152 1039 2222 adiungi-

145 2264 231 2319 mus?
252 2264 326 2335 quid
348 2263 465 2320 habent
487 2282 540 2320 cur
562 2261 679 2318 Graeca
695 2268 885 2332 anteponant
906 2265 942 2318 iis
960 2281 1038 2331 quae

146 2379 179 2428 et
187 2371 347 2442 splendide
356 2371 439 2443 dicta
448 2373 510 2427 sint
518 2389 618 2440 neque
628 2374 689 2427 sint
698 2389 842 2427 conversa
847 2369 886 2426 de
897 2369 1039 2427 Graecis?

146 2479 225 2536 Nam
235 2484 259 2536 si
274 2480 381 2537 dicent
395 2480 433 2536 ab
448 2479 508 2535 illis
522 2478 577 2536 has
591 2498 639 2536 res
655 2498 720 2536 esse
735 2485 889 2548 tractatas,
904 2497 944 2534 ne
958 2481 1038 2548 ipsos

146 2586 270 2656 quidem
294 2588 426 2644 Graecos
453 2594 501 2643 est
523 2607 576 2643 cur
598 2594 662 2644 tam
684 2587 796 2643 multos
819 2586 925 2656 legant
948 2605 1038 2655 quam

145 2694 270 2765 legendi
285 2702 365 2752 sunt.
410 2693 494 2765 Quid
515 2700 598 2753 enim
618 2703 665 2752 est
682 2716 699 2752 a
720 2695 887 2766 Chrysippo
902 2700 1038 2764 praeter-

146 2806 271 2859 missum
284 2807 317 2859 in
331 2802 459 2861 Stoicis?
503 2804 646 2874 Legimus
657 2812 762 2861 tamen
777 2803 959 2873 Diogenem,
974 2801 1039 2858 An-

837 2941 962 2948 -.———-
982 2941 1034 2946 <-.->.

148 3009 251 3122 Λῖἷὴε
267 3010 388 3122 (ἓρεηὶης
403 3010 435 3060 of
448 3010 575 3060 Ennius⁵s
591 3009 689 3058 Medea
706 3008 802 3066 Exsul,
822 3022 864 3068 cp.
884 3005 1037 3069 Euripides,

181 3090 195 3123 e
213 3090 245 3122 ea
257 3090 290 3138 3.

231 3149 249 3209 6
