2332 3698
403 219 553 279 CICERO
577 218 634 293 DE
657 220 824 279 FINIBUS

164 343 226 397 vita
250 348 338 398 tanto
359 361 450 412 opere
472 342 679 412 quaerendum
700 362 791 413 quam
812 362 881 400 cum
903 345 1004 399 omnia
1025 345 1059 399 in

165 448 364 520 philosophia,
380 456 446 507 tum
463 448 496 506 id
513 450 593 520 quod
608 451 655 508 his
669 451 752 508 libris
770 455 935 522 quaeritur,
951 455 1003 522 qui
1018 455 1059 508 sit

166 557 242 628 finis,
258 557 331 627 quid
351 565 531 629 extremum,
547 559 620 629 quid
639 558 781 617 ultimum
801 580 860 631 quo
878 546 940 617 sint
957 563 1058 620 omnia

166 666 245 723 bene
267 665 389 723 vivendi
411 673 556 737 recteque
579 667 712 725 faciendi
735 667 859 725 consilia
881 667 1058 735 referenda;

165 774 238 844 quid
253 781 396 844 sequatur
413 782 521 832 natura
536 783 570 833 ut
585 795 735 833 summum
750 796 787 833 ex
802 777 893 834 rebus
910 783 1058 848 expeten-

166 882 222 953 dis,
238 883 311 954 quid
326 883 423 954 fugiat
438 891 473 942 ut
487 890 658 941 extremum
673 883 837 941 malorum?
881 884 950 956 Qua
967 884 1006 943 de
1023 905 1057 942 re

165 1011 234 1048 cum
249 995 289 1049 sit
303 995 384 1049 inter
399 991 587 1049 doctissimos
602 1012 718 1050 summa
733 992 889 1063 dissensi0,
905 998 971 1064 quis
985 993 1057 1051 alie-

165 1119 239 1157 num
260 1107 350 1171 putet
371 1104 436 1157 eius
458 1119 523 1157 esse
545 1100 704 1170 dignitatis
723 1120 814 1171 quam
834 1101 909 1158 mihi
931 1106 1058 1173 quisque

165 1209 289 1279 tribuat,
318 1207 391 1279 quid
420 1212 453 1265 in
481 1213 563 1265 omni
591 1228 718 1266 munere
742 1213 824 1267 vitae
853 1215 1002 1281 optimum
1026 1201 1067 1268 et'

106 1322 143 1372 12
168 1320 353 1374 verissimum
389 1321 429 1374 sit
471 1318 649 1386 exquirere?
695 1318 755 1388 An,
791 1326 895 1388 partus
930 1318 1058 1376 ancillae

165 1428 245 1482 sitne
264 1429 296 1480 in
317 1425 418 1481 fructu
438 1422 606 1495 habendus,
625 1424 790 1483 disseretur
809 1430 890 1483 inter
907 1431 1059 1498 principes

165 1537 305 1602 civitatiS,
335 1531 367 1589 P.
398 1531 573 1590 Scaevolam
603 1533 800 1605 Maniumque
825 1535 995 1606 Manilium,
1020 1537 1059 1592 ab

102 1661 117 1686 ο
164 1644 260 1711 iisque
285 1640 325 1697 M.
344 1640 455 1698 Brutus
475 1641 636 1699 dissentiet
655 1629 750 1713 (quod
770 1651 802 1700 et
821 1652 944 1701 acutum
961 1664 1059 1714 genus

165 1756 213 1806 est
230 1755 263 1805 et
276 1748 315 1805 ad
329 1769 400 1807 usus
420 1753 531 1807 civium
550 1770 613 1807 non
632 1750 751 1821 inutile,
766 1771 881 1822 nosque
897 1771 933 1809 ea
947 1756 1059 1824 scripta

164 1856 341 1928 reliquaque
364 1858 501 1916 eiusdem
523 1863 646 1929 generis
667 1866 700 1916 et
722 1858 852 1930 legimus
873 1859 1007 1917 libenter
1026 1868 1059 1918 et

164 1953 336 2035 legemus);
374 1966 450 2024 haec
489 1986 566 2037 quae
598 1970 692 2023 vitam
735 1987 856 2024 ornnem
898 1972 1059 2026 continent

164 2072 388 2144 neglegentur?
428 2075 507 2130 Nam
531 2083 565 2132 ut
590 2079 652 2132 sint
675 2075 726 2132 illa
749 2076 957 2147 vendibiliora,
983 2076 1058 2135 haec

165 2183 303 2239 uberiora
325 2191 409 2240 certe
426 2190 505 2240 sunt.
550 2182 742 2254 Quamquam
760 2184 790 2241 id
811 2185 935 2255 quidem
952 2183 1058 2243 licebit

164 2293 200 2345 iis
215 2292 387 2345 existimare
402 2293 454 2360 qui
467 2288 608 2360 legerint.
645 2290 709 2347 Nos
723 2298 825 2348 autern
840 2291 919 2348 hanc
933 2311 1056 2349 ornnem

164 2400 373 2467 quaestionem
398 2397 437 2454 dc
462 2396 571 2454 finibus
593 2398 741 2457 bonorum
764 2399 966 2458 etmalorum
991 2399 1055 2457 fere

164 2525 181 2561 a
206 2505 293 2561 nobis
316 2503 497 2575 explicatam
515 2525 580 2563 esse
603 2505 650 2563 lris
670 2494 797 2564 litterisl
814 2508 1004 2577 arbitramur,
1023 2511 1056 2563 in

164 2612 282 2682 quibuS,
308 2594 456 2682 quantum
480 2617 643 2684 potuimus,
667 2634 728 2671 non
753 2613 843 2670 modo
868 2614 941 2685 quid
969 2613 1056 2670 nobis

164 2719 342 2790 probaretur
365 2719 419 2776 sed
442 2723 535 2778 etiam
558 2721 631 2791 quid
654 2741 671 2777 a
694 2720 819 2792 singulis
848 2719 1055 2792 philosophiae

164 2825 331 2897 disciplinis
346 2826 500 2885 diceretur
513 2832 663 2899 persecuti
680 2847 791 2886 sumus.

105 2939 142 2989 13
207 2933 242 2989 V.
269 2933 313 2990 Ut
331 2939 435 2990 autem
452 2953 469 2990 a
486 2934 637 2992 facillimis
656 2933 817 3004 ordiamur,
837 2937 934 3004 prima
953 2922 1056 2991 veniat

264 3103 392 3152 ¹litteris:
409 3103 483 3154 Mdv.
498 3106 562 3156 with
575 3106 670 3156 others
682 3101 849 3170 conjectures
867 3105 950 3154 libras.

249 3188 287 3238 14
