2332 3698
437 191 586 277 emano
609 216 667 275 nu
690 218 858 277 nuraus
919 226 921 231 ·

247 337 325 395 Mihi
340 358 392 397 sex
408 359 529 398 menses
544 344 616 398 satis
630 348 703 398 sunt
716 345 813 408 vitae;
831 344 994 412 septimum
1012 341 1095 399 Orco

285 421 428 492 spondeo.
932 429 935 433 ’

202 557 268 615 Iam
283 558 394 617 doloris
408 560 632 619 medicamenta
646 562 697 619 illa
717 562 866 634 Epicurea
883 570 1039 634 tamquam
1053 563 1094 622 de

202 655 360 713 narthecio
388 665 546 728 proment:
575 643 626 717 ‘Si
650 662 759 730 gravis,
783 660 898 717 brevis:
923 663 948 716 si
973 658 1094 730 longus,

202 751 297 808 levis!
341 752 445 812 Unum
459 758 571 825 nescio,
587 754 737 826 quomodo
759 760 862 827 possit,
878 759 903 812 si
924 755 1094 813 luxuriosus

203 851 253 918 sit,
268 848 367 906 finitas
382 848 566 920 cupiditates
580 849 701 908 habere.

141 950 179 1000 23
244 942 330 1002 VIII.
356 931 464 1016 “Quid
480 966 553 1017 ergo
566 950 681 1003 attinet
700 946 817 1004 dicere:
833 934 932 1003 ‘Nihil
948 946 1094 1005 haberem

202 1040 283 1110 quod
301 1042 527 1113 reprenderem,
542 1046 566 1099 si
586 1041 686 1100 finitas
706 1042 889 1113 cupiditates
908 1042 1094 1101 haberent?'

203 1136 273 1194 Hoc
299 1144 346 1195 est
368 1137 486 1194 dicere:
509 1123 595 1194 ‘Non
619 1137 836 1209 reprenderem
861 1146 960 1195 asotos
984 1141 1008 1195 si
1031 1158 1094 1196 non

202 1240 307 1291 essent
320 1234 416 1290 asoti'
462 1233 525 1290 Isto
540 1233 630 1291 modo
645 1254 684 1291 ne
700 1235 852 1306 improbos
867 1234 991 1306 quidem
1006 1238 1031 1291 si
1046 1255 1095 1293 es·

202 1336 272 1386 sent
295 1329 368 1385 boni
383 1333 445 1385 virt.
492 1330 553 1385 Hic
577 1329 668 1388 homo
688 1350 809 1388 severus
828 1331 977 1387 luxuriam
998 1335 1094 1402 ipsam
1115 1327 1118 1334 ’

203 1445 258 1496 per
272 1445 304 1482 se
319 1423 564 1496 reprendendam
584 1446 645 1483 non
666 1434 762 1497 putat.
808 1427 850 1484 Et
870 1427 1005 1498 hercule,
1021 1427 1095 1484 Tor-

202 1528 304 1591 quate,
320 1529 355 1578 ut
369 1541 474 1578 verum
493 1521 661 1593 loquamur,
677 1527 702 1581 si
717 1543 866 1580 summum
882 1524 996 1581 bonum
1011 1523 1095 1580 volu-

203 1623 271 1688 ptas
292 1625 350 1687 est,
372 1620 539 1676 rectissime
562 1638 624 1675 non
649 1626 746 1690 putat.
791 1619 894 1676 Nolim
916 1624 997 1678 enim
1018 1618 1096 1676 mihi

203 1712 318 1782 fingere
333 1721 442 1784 asotos,
457 1722 493 1771 ut
513 1714 626 1786 soletis,
641 1719 694 1787 qui
715 1720 747 1772 in
767 1736 902 1774 mensam
918 1723 1041 1772 vomant
1063 1724 1096 1774 et

203 1813 255 1881 qui
284 1809 323 1867 de
349 1814 492 1870 conviviis
520 1812 697 1870 auferantur
723 1811 867 1882 crudique
891 1811 1036 1884 postridie
1063 1832 1095 1871 se

203 1924 304 1963 rursus
318 1910 519 1979 ingurgitent,
531 1913 584 1980 qui
603 1908 708 1978 solem,
723 1915 758 1965 ut
772 1911 867 1978 aiunt,
882 1928 940 1965 nec
955 1907 1095 1965 occiden-

204 2009 268 2059 tem
282 2023 426 2076 umquam
440 2004 575 2062 viderint
594 2024 651 2062 nec
666 2007 826 2074 orientem,
841 2007 893 2074 qui
908 2008 1096 2075 consumptis

205 2103 392 2168 patrimoniIs
418 2108 538 2172 egeant.
584 2100 683 2156 Nemo
706 2106 842 2157 nostrum
865 2104 952 2158 istius
974 2104 1096 2170 generis

204 2203 303 2254 asotos
331 2197 464 2254 iucunde
490 2203 579 2267 putat
604 2200 712 2252 vivere.
758 2195 901 2265 Mundos‚
927 2196 1095 2267 elegantes,

204 2295 326 2364 optimis
342 2297 430 2362 cocis,
446 2291 618 2362 pistoribus,
633 2295 760 2362 plscatu,
772 2295 910 2363 aucupi0,
923 2296 1095 2364 venatione,

204 2387 251 2446 his
274 2388 414 2445 omnibus
438 2390 605 2458 exquisitis,
621 2391 754 2446 vitantes
778 2388 971 2459 cruditatem,
986 2389 1096 2459 quibus

206 2469 324 2541 ‘vinum
336 2483 477 2541 defusum
492 2503 509 2540 e
524 2483 616 2554 pleno
631 2474 705 2555 sit,†
721 2473 868 2541 hirsizon¹
884 2471 934 2553 (ut
947 2487 991 2541 ait
1007 2483 1097 2541 Luci-

205 2567 276 2649 lius)
291 2584 340 2637 cui
354 2577 431 2635 nihil
445 2577 519 2635 dum
533 2584 574 2636 sit
584 2584 628 2637 vis
647 2587 680 2638 et
697 2579 832 2637 sacculus
846 2580 1025 2643 abstulerit.’
1042 2580 1097 2637 ad·
1157 2608 1161 2616 ·

241 2713 387 2770 ²hr'rsizon,
400 2711 544 2777 hirsyplzon
562 2729 593 2760 or
609 2713 655 2760 the
672 2714 734 2772 like,
750 2713 840 2770 MSS.;
858 2713 914 2761 and
931 2712 973 2761 for
984 2713 1048 2760 dum
1059 2715 1099 2761 sit

112 2784 116 2791 '
209 2795 284 2828 some
296 2780 366 2826 have
377 2778 499 2841 dempsit,
512 2779 660 2843 dernpserit.
683 2779 727 2827 No
739 2778 870 2841 plausible
882 2778 1096 2827 reconstruction

210 2846 260 2893 has
277 2843 345 2892 been
363 2844 530 2906 suggested3
548 2844 595 2892 but
613 2846 658 2892 the
671 2845 807 2893 reference
819 2860 907 2892 seems
919 2850 948 2892 io
965 2844 998 2891 be
1011 2849 1039 2890 to
1051 2846 1097 2893 the

207 2925 319 2974 process
331 2907 362 2956 of
374 2909 512 2972 siraining
523 2911 591 2958 wine
604 2916 632 2959 to
645 2926 752 2959 remove
765 2911 809 2958 the
822 2911 877 2958 lces
890 2910 944 2958 and
956 2916 1004 2973 get
1017 2909 1057 2958 rid
1069 2911 1102 2959 of

208 2976 260 3033 vis,
273 2975 422 3023 harshness
434 2975 465 3023 of
473 2975 584 3025 flavour.

565 3104 624 3154 acf.
641 3105 651 3153 l
664 3106 677 3164 ἕ
689 3121 728 3168 4⁰·

1018 3066 1098 3074 ...w-—

292 3178 350 3239 106
