2332 3698
438 206 589 266 CICERO
613 206 670 264 DE
693 206 862 266 FINIBUS

144 331 182 385 38
205 327 377 400 voluptatis.
409 329 517 400 Itaque
531 350 593 387 non
608 331 723 401 placuit
737 329 868 401 Epicuro
879 330 1015 388 medium
1028 347 1096 386 esse

204 443 349 514 quiddam
372 448 454 500 inter
476 443 612 501 dolorem
635 451 668 502 et
687 445 893 516 voluptatem3
917 443 993 501 illud
1013 446 1097 500 enim

204 560 303 627 ipsum
318 556 399 627 quod
413 557 594 627 quibusdam
607 557 743 615 medium
754 558 919 628 videretur,
930 576 999 614 cum
1013 559 1097 613 omni

204 668 309 726 dolore
333 679 460 741 careret,
485 691 547 729 non
572 672 663 730 modo
688 672 877 743 voluptatem
901 691 967 729 esse
991 689 1097 728 verum

204 787 298 840 etiam
321 805 469 842 summam
492 786 690 857 voluptatem.
735 785 879 856 Quisquis
899 789 983 843 enim
1001 787 1098 841 sentit

205 899 461 968 quemadmodum
481 905 521 958 sit
539 900 675 970 affectus,
690 920 761 957 eum
781 918 906 956 necesse
926 905 974 956 est
992 904 1046 955 aut
1065 901 1097 954 in

204 1012 360 1083 voluptate
372 1033 438 1072 esse
449 1021 503 1070 aut
513 1019 544 1071 in
554 1013 666 1070 dolore.
698 1013 806 1071 Omnis
816 1021 921 1070 autem
929 1015 1098 1083 privatione

204 1119 315 1179 doloris
324 1129 413 1193 putat
423 1121 570 1194 Epicurus
578 1125 735 1178 terminari
745 1121 1099 1192 summamvoluptatem,

207 1236 242 1286 ut
255 1239 362 1301 postea
376 1235 482 1288 variari
498 1231 637 1302 voluptas
652 1231 860 1301 distinguique
875 1234 979 1301 possit,
994 1233 1100 1299 augeri

144 1341 183 1401 39
204 1338 439 1410 amplificarique
458 1359 520 1396 non
540 1343 642 1410 possit.
688 1339 731 1395 At
754 1343 847 1396 etiam
871 1337 1012 1406 Athenis,
1028 1344 1063 1394 ut
1082 1357 1100 1394 a

206 1452 292 1515 patre
312 1446 482 1516 audiebam,
498 1445 598 1503 facete
618 1453 651 1503 et
671 1446 785 1503 urbane
806 1447 922 1505 Stoicos
941 1445 1100 1516 irridente,

207 1561 307 1611 statua
326 1561 375 1611 est
398 1559 429 1610 in
449 1555 604 1613 Ceramico
625 1555 785 1627 Chrysippi
805 1555 941 1613 sedentis
961 1561 1102 1625 porrecta

206 1681 308 1732 manu,
344 1683 422 1734 quae
450 1684 557 1721 manus
586 1663 738 1734 significet
766 1663 852 1721 illum
880 1667 913 1719 in
947 1662 1004 1719 hac
1033 1681 1101 1720 esse

206 1772 415 1842 rogatiuncula
429 1773 633 1831 delectatum:
656 1758 900 1842 ‘Numquidnam
915 1791 1022 1828 manus
1037 1776 1101 1841 tua,

207 1883 248 1936 sic
268 1880 376 1939 affecta
397 1882 654 1953 quemadmodum
673 1881 781 1938 affecta
800 1900 882 1938 nunc
903 1887 960 1948 est,
980 1878 1101 1936 deside-

206 1976 432 2046 rata-‘Nihil
450 1976 647 2047 sane.’—‘At
668 1993 692 2046 si
713 1988 852 2059 voluptas
874 1994 955 2046 esset
976 1988 1101 2059 bonum,

207 2084 523 2155 desideraret.’-‘Ita
549 2082 790 2154 cred0.’-—‘Non
819 2103 867 2154 est
895 2099 988 2166 igitur
1017 2094 1101 2152 volu-

207 2214 274 2277 ptas
286 2208 417 2265 bonum.¹
443 2207 512 2265 Hoc
524 2227 563 2264 ne
576 2213 707 2264 statuam
718 2206 843 2276 quidem
854 2205 1003 2262 dicturam
1014 2210 1102 2275 pater

208 2316 309 2373 aiebat
328 2320 353 2373 si
372 2315 455 2386 loqui
474 2323 584 2388 posset.
630 2314 812 2373 Conclusum
832 2320 880 2371 est
899 2317 980 2370 enim
996 2320 1103 2388 contra

208 2423 388 2495 Cyrenaicos
403 2429 475 2481 satis
489 2432 589 2494 acute,
604 2423 681 2480 nihil
701 2422 740 2479 ad
759 2421 931 2494 Epicurum.
978 2421 1056 2477 Nam
1076 2425 1101 2478 si

209 2552 245 2589 ea
259 2532 322 2589 sola
332 2532 471 2603 voluptas
487 2539 568 2589 esset
583 2550 661 2603 quae
676 2535 761 2601 quasi
780 2530 922 2588 titillaret
936 2547 1051 2599 sensuS,
1066 2536 1102 2586 ut

208 2645 251 2698 ita
265 2640 374 2711 dicam,
389 2647 421 2698 et
435 2640 473 2696 ad
489 2659 540 2697 eos
555 2660 624 2697 cum
638 2643 786 2696 suavitate
801 2638 937 2695 afflueret
951 2644 984 2694 et
997 2636 1102 2711 illabe-

209 2756 302 2818 retur,
317 2768 375 2805 nec
390 2768 496 2805 manus
512 2767 578 2805 esse
594 2754 740 2804 contenta
759 2754 864 2818 posset
880 2765 938 2804 nec
958 2744 1020 2802 ulla
1034 2764 1102 2815 pars

209 2849 359 2914 vacuitate
374 2856 485 2914 doloris
500 2860 565 2913 sine
580 2856 713 2914 iucundo
728 2863 813 2913 motu
829 2855 1001 2925 voluptatis.
1047 2853 1101 2911 Sin

208 2972 311 3023 autem
331 2985 447 3023 summa
461 2964 600 3037 voluptas
619 2973 676 3035 est,
691 2972 727 3022 ut
747 2964 879 3035 Epicuro
898 2963 1010 3034 placet,
1024 2960 1101 3019 nihil

208 3073 322 3144 dolere,
332 3079 464 3145 primum
479 3074 535 3131 tibi
550 3081 645 3146 recte,
658 3072 838 3143 Chrysippe,
850 3090 1027 3129 concessum
1042 3077 1100 3141 est,

292 3165 331 3216 42
