<?xml version="1.0" encoding="UTF-8"?>
<!DOCTYPE html PUBLIC "-//W3C//DTD XHTML 1.0 Transitional//EN"
    "http://www.w3.org/TR/xhtml1/DTD/xhtml1-transitional.dtd">
<html xmlns="http://www.w3.org/1999/xhtml" xml:lang="en" lang="en">
 <head>
  <title>
</title>
<meta http-equiv="Content-Type" content="text/html;charset=utf-8" />
  <meta name='ocr-system' content='tesseract 3.04.00' />
  <meta name='ocr-capabilities' content='ocr_page ocr_carea ocr_par ocr_line ocrx_word'/>
</head>
<body>
  <div class='ocr_page' id='page_1' title='image "./definibusbonoru03cicegoog_0155.png"; bbox 0 0 2332 3698; ppageno 0'>
   <div class='ocr_carea' id='block_1_1' title="bbox 439 176 860 272">
    <p class='ocr_par' dir='ltr' id='par_1_1' title="bbox 439 176 860 272">
     <span class='ocr_line' id='line_1_1' title="bbox 439 176 860 272; baseline 0.007 -3"><span class='ocrx_word' id='word_1_1' title='bbox 439 210 589 272; x_wconf 76' lang='lat' dir='ltr'><strong>cremo</strong></span> <span class='ocrx_word' id='word_1_2' title='bbox 612 176 669 270; x_wconf 73' lang='lat' dir='ltr'><strong>us</strong></span> <span class='ocrx_word' id='word_1_3' title='bbox 692 210 860 272; x_wconf 72' lang='lat' dir='ltr'><strong>Firmus</strong></span> 
     </span>
    </p>
   </div>
   <div class='ocr_carea' id='block_1_2' title="bbox 91 333 1146 2285">
    <p class='ocr_par' dir='ltr' id='par_1_2' title="bbox 112 333 1098 978">
     <span class='ocr_line' id='line_1_2' title="bbox 112 333 1098 404; baseline 0.002 -12"><span class='ocrx_word' id='word_1_4' title='bbox 112 342 115 350; x_wconf 87' lang='lat'>&#39;</span> <span class='ocrx_word' id='word_1_5' title='bbox 203 342 303 393; x_wconf 82' lang='lat' dir='ltr'><strong>vestra</strong></span> <span class='ocrx_word' id='word_1_6' title='bbox 321 341 400 393; x_wconf 82' lang='lat' dir='ltr'><strong>sunt.</strong></span> <span class='ocrx_word' id='word_1_7' title='bbox 439 333 539 404; x_wconf 86' lang='lat' dir='ltr'><strong>Quam</strong></span> <span class='ocrx_word' id='word_1_8' title='bbox 558 334 655 392; x_wconf 82' lang='lat' dir='ltr'><strong>multa</strong></span> <span class='ocrx_word' id='word_1_9' title='bbox 672 335 795 393; x_wconf 88' lang='lat' dir='ltr'><strong>vitiosa!</strong></span> <span class='ocrx_word' id='word_1_10' title='bbox 832 335 991 393; x_wconf 89' lang='lat' dir='ltr'><strong>Summum</strong></span> <span class='ocrx_word' id='word_1_11' title='bbox 1013 340 1098 394; x_wconf 90' lang='lat' dir='ltr'><strong>enim</strong></span> 
     </span>
     <span class='ocr_line' id='line_1_3' title="bbox 203 441 1097 521; baseline 0.003 -15"><span class='ocrx_word' id='word_1_12' title='bbox 203 450 316 506; x_wconf 90' lang='lat' dir='ltr'><strong>bonum</strong></span> <span class='ocrx_word' id='word_1_13' title='bbox 351 456 384 506; x_wconf 88' lang='lat' dir='ltr'><strong>et</strong></span> <span class='ocrx_word' id='word_1_14' title='bbox 419 447 532 505; x_wconf 92' lang='lat' dir='ltr'><strong>malum</strong></span> <span class='ocrx_word' id='word_1_15' title='bbox 567 453 691 520; x_wconf 80' lang='lat' dir='ltr'>vagiens</span> <span class='ocrx_word' id='word_1_16' title='bbox 727 469 803 521; x_wconf 89' lang='lat' dir='ltr'><strong>puer</strong></span> <span class='ocrx_word' id='word_1_17' title='bbox 837 457 906 506; x_wconf 82' lang='lat' dir='ltr'><strong>utra</strong></span> <span class='ocrx_word' id='word_1_18' title='bbox 937 441 1097 521; x_wconf 81' lang='lat' dir='ltr'><strong>voluptate</strong></span> 
     </span>
     <span class='ocr_line' id='line_1_4' title="bbox 202 562 1097 637; baseline 0.002 -17"><span class='ocrx_word' id='word_1_19' title='bbox 202 562 390 634; x_wconf 82' lang='lat' dir='ltr'><strong>diiudicabit,</strong></span> <span class='ocrx_word' id='word_1_20' title='bbox 418 569 520 620; x_wconf 82' lang='lat' dir='ltr'><strong>stante</strong></span> <span class='ocrx_word' id='word_1_21' title='bbox 548 583 587 619; x_wconf 92' lang='lat' dir='ltr'><strong>an</strong></span> <span class='ocrx_word' id='word_1_22' title='bbox 615 565 782 637; x_wconf 79' lang='lat' dir='ltr'><strong>movente?</strong></span> <span class='ocrx_word' id='word_1_23' title='bbox 813 567 965 635; x_wconf 89' lang='lat' dir='ltr'><strong>quoniam,</strong></span> <span class='ocrx_word' id='word_1_24' title='bbox 994 568 1019 621; x_wconf 91' lang='lat' dir='ltr'><strong>si</strong></span> <span class='ocrx_word' id='word_1_25' title='bbox 1048 564 1097 623; x_wconf 90' lang='lat' dir='ltr'><strong>dis</strong></span> 
     </span>
     <span class='ocr_line' id='line_1_5' title="bbox 202 676 1096 750; baseline 0.003 -16"><span class='ocrx_word' id='word_1_26' title='bbox 202 677 312 749; x_wconf 86' lang='lat' dir='ltr'><strong>placet,</strong></span> <span class='ocrx_word' id='word_1_27' title='bbox 334 678 372 734; x_wconf 87' lang='lat' dir='ltr'><strong>ab</strong></span> <span class='ocrx_word' id='word_1_28' title='bbox 394 677 525 748; x_wconf 88' lang='lat' dir='ltr'>Epicuro</span> <span class='ocrx_word' id='word_1_29' title='bbox 545 676 628 748; x_wconf 86' lang='lat' dir='ltr'><strong>loqui</strong></span> <span class='ocrx_word' id='word_1_30' title='bbox 649 678 800 736; x_wconf 88' lang='lat' dir='ltr'><strong>discimus.</strong></span> <span class='ocrx_word' id='word_1_31' title='bbox 845 678 877 737; x_wconf 91' lang='lat' dir='ltr'><strong>Si</strong></span> <span class='ocrx_word' id='word_1_32' title='bbox 902 685 1014 750; x_wconf 79' lang='lat' dir='ltr'><strong>stante,</strong></span> <span class='ocrx_word' id='word_1_33' title='bbox 1036 678 1096 737; x_wconf 89' lang='lat' dir='ltr'><strong>hoc</strong></span> 
     </span>
     <span class='ocr_line' id='line_1_6' title="bbox 201 790 1095 862; baseline 0.003 -15"><span class='ocrx_word' id='word_1_34' title='bbox 201 798 309 848; x_wconf 81' lang='lat' dir='ltr'><strong>natura</strong></span> <span class='ocrx_word' id='word_1_35' title='bbox 326 790 470 848; x_wconf 86' lang='lat' dir='ltr'><strong>videlicet</strong></span> <span class='ocrx_word' id='word_1_36' title='bbox 487 790 562 862; x_wconf 83' lang='lat' dir='ltr'><strong>vult,</strong></span> <span class='ocrx_word' id='word_1_37' title='bbox 581 791 692 848; x_wconf 89' lang='lat' dir='ltr'><strong>salvam</strong></span> <span class='ocrx_word' id='word_1_38' title='bbox 712 811 777 849; x_wconf 91' lang='lat' dir='ltr'><strong>esse</strong></span> <span class='ocrx_word' id='word_1_39' title='bbox 795 811 838 862; x_wconf 87' lang='lat' dir='ltr'><strong>se,</strong></span> <span class='ocrx_word' id='word_1_40' title='bbox 854 792 936 862; x_wconf 93' lang='lat' dir='ltr'><strong>quod</strong></span> <span class='ocrx_word' id='word_1_41' title='bbox 953 791 1095 851; x_wconf 90' lang='lat' dir='ltr'><strong>concedi·</strong></span> 
     </span>
     <span class='ocr_line' id='line_1_7' title="bbox 200 889 1096 978; baseline 0.001 -14"><span class='ocrx_word' id='word_1_42' title='bbox 200 889 300 974; x_wconf 76' lang='lat' dir='ltr'><strong>mus;¹</strong></span> <span class='ocrx_word' id='word_1_43' title='bbox 313 910 338 964; x_wconf 92' lang='lat' dir='ltr'><strong>si</strong></span> <span class='ocrx_word' id='word_1_44' title='bbox 359 913 513 976; x_wconf 72' lang='lat' dir='ltr'><strong>movente,</strong></span> <span class='ocrx_word' id='word_1_45' title='bbox 532 906 614 977; x_wconf 92' lang='lat' dir='ltr'><strong>quod</strong></span> <span class='ocrx_word' id='word_1_46' title='bbox 634 913 738 964; x_wconf 87' lang='lat' dir='ltr'><strong>tamen</strong></span> <span class='ocrx_word' id='word_1_47' title='bbox 760 906 870 976; x_wconf 84' lang='lat' dir='ltr'><strong>dicitis,</strong></span> <span class='ocrx_word' id='word_1_48' title='bbox 891 906 976 963; x_wconf 88' lang='lat' dir='ltr'><strong>nulla</strong></span> <span class='ocrx_word' id='word_1_49' title='bbox 996 911 1096 978; x_wconf 83' lang='lat' dir='ltr'><strong>turpis</strong></span> 
     </span>
    </p>

    <p class='ocr_par' dir='ltr' id='par_1_3' title="bbox 91 1020 1094 1202">
     <span class='ocr_line' id='line_1_8' title="bbox 91 1020 1093 1092; baseline 0.001 -14"><span class='ocrx_word' id='word_1_50' title='bbox 91 1049 94 1056; x_wconf 95' lang='lat'>·</span> <span class='ocrx_word' id='word_1_51' title='bbox 200 1021 337 1092; x_wconf 81' lang='lat' dir='ltr'><strong>voluptas</strong></span> <span class='ocrx_word' id='word_1_52' title='bbox 353 1025 411 1078; x_wconf 85' lang='lat' dir='ltr'><strong>erit</strong></span> <span class='ocrx_word' id='word_1_53' title='bbox 426 1040 504 1090; x_wconf 89' lang='lat' dir='ltr'><strong>quae</strong></span> <span class='ocrx_word' id='word_1_54' title='bbox 519 1020 794 1091; x_wconf 82' lang='lat' dir='ltr'><strong>praetermittenda</strong></span> <span class='ocrx_word' id='word_1_55' title='bbox 809 1025 857 1092; x_wconf 84' lang='lat' dir='ltr'><strong>sit,</strong></span> <span class='ocrx_word' id='word_1_56' title='bbox 874 1028 907 1078; x_wconf 83' lang='lat' dir='ltr'><strong>et</strong></span> <span class='ocrx_word' id='word_1_57' title='bbox 924 1020 1013 1078; x_wconf 92' lang='lat' dir='ltr'><strong>simul</strong></span> <span class='ocrx_word' id='word_1_58' title='bbox 1030 1041 1093 1079; x_wconf 89' lang='lat' dir='ltr'><strong>non</strong></span> 
     </span>
     <span class='ocr_line' id='line_1_9' title="bbox 199 1127 1094 1202; baseline 0 -15"><span class='ocrx_word' id='word_1_59' title='bbox 199 1129 397 1202; x_wconf 83' lang='lat' dir='ltr'><strong>proficiscitur</strong></span> <span class='ocrx_word' id='word_1_60' title='bbox 414 1127 525 1185; x_wconf 87' lang='lat' dir='ltr'><strong>animal</strong></span> <span class='ocrx_word' id='word_1_61' title='bbox 545 1128 621 1186; x_wconf 92' lang='lat' dir='ltr'><strong>illud</strong></span> <span class='ocrx_word' id='word_1_62' title='bbox 640 1128 731 1186; x_wconf 91' lang='lat' dir='ltr'><strong>modo</strong></span> <span class='ocrx_word' id='word_1_63' title='bbox 747 1137 854 1186; x_wconf 78' lang='lat' dir='ltr'><strong>natum</strong></span> <span class='ocrx_word' id='word_1_64' title='bbox 871 1150 889 1186; x_wconf 88' lang='lat' dir='ltr'><strong>a</strong></span> <span class='ocrx_word' id='word_1_65' title='bbox 908 1149 1025 1186; x_wconf 88' lang='lat' dir='ltr'><strong>summa</strong></span> <span class='ocrx_word' id='word_1_66' title='bbox 1042 1150 1094 1188; x_wconf 90' lang='lat' dir='ltr'><strong>vo-</strong></span> 
     </span>
    </p>

    <p class='ocr_par' dir='ltr' id='par_1_4' title="bbox 138 1226 1146 2285">
     <span class='ocr_line' id='line_1_10' title="bbox 138 1226 1094 1309; baseline 0.001 -14"><span class='ocrx_word' id='word_1_67' title='bbox 138 1245 176 1295; x_wconf 75' lang='lat'><strong>32</strong></span> <span class='ocrx_word' id='word_1_68' title='bbox 198 1239 327 1309; x_wconf 78' lang='lat' dir='ltr'><strong>luptate‚</strong></span> <span class='ocrx_word' id='word_1_69' title='bbox 345 1256 422 1308; x_wconf 91' lang='lat' dir='ltr'><strong>quae</strong></span> <span class='ocrx_word' id='word_1_70' title='bbox 443 1244 491 1294; x_wconf 86' lang='lat' dir='ltr'><strong>est</strong></span> <span class='ocrx_word' id='word_1_71' title='bbox 509 1257 526 1293; x_wconf 91' lang='lat' dir='ltr'><strong>a</strong></span> <span class='ocrx_word' id='word_1_72' title='bbox 546 1244 578 1294; x_wconf 82' lang='lat' dir='ltr'><strong>te</strong></span> <span class='ocrx_word' id='word_1_73' title='bbox 596 1241 694 1308; x_wconf 78' lang='lat' dir='ltr'><strong>posita</strong></span> <span class='ocrx_word' id='word_1_74' title='bbox 711 1241 742 1294; x_wconf 88' lang='lat' dir='ltr'><strong>in</strong></span> <span class='ocrx_word' id='word_1_75' title='bbox 761 1258 823 1295; x_wconf 88' lang='lat' dir='ltr'><strong>non</strong></span> <span class='ocrx_word' id='word_1_76' title='bbox 840 1226 980 1295; x_wconf 76' lang='lat' dir='ltr'><strong>dolende.</strong></span> <span class='ocrx_word' id='word_1_77' title='bbox 1026 1239 1055 1295; x_wconf 95' lang='lat' dir='ltr'>N</span> <span class='ocrx_word' id='word_1_78' title='bbox 1058 1259 1094 1296; x_wconf 89' lang='lat' dir='ltr'><strong>ec</strong></span> 
     </span>
     <span class='ocr_line' id='line_1_11' title="bbox 198 1345 1094 1417; baseline 0 -13"><span class='ocrx_word' id='word_1_79' title='bbox 198 1354 302 1404; x_wconf 79' lang='lat' dir='ltr'><strong>tamen</strong></span> <span class='ocrx_word' id='word_1_80' title='bbox 313 1352 528 1416; x_wconf 86' lang='lat' dir='ltr'><strong>argumentum</strong></span> <span class='ocrx_word' id='word_1_81' title='bbox 542 1345 599 1402; x_wconf 90' lang='lat' dir='ltr'><strong>hoc</strong></span> <span class='ocrx_word' id='word_1_82' title='bbox 616 1345 763 1417; x_wconf 87' lang='lat' dir='ltr'><strong>Epicurus</strong></span> <span class='ocrx_word' id='word_1_83' title='bbox 774 1367 792 1402; x_wconf 91' lang='lat' dir='ltr'><strong>a</strong></span> <span class='ocrx_word' id='word_1_84' title='bbox 802 1350 900 1417; x_wconf 87' lang='lat' dir='ltr'><strong>parvis</strong></span> <span class='ocrx_word' id='word_1_85' title='bbox 914 1350 1025 1417; x_wconf 81' lang='lat' dir='ltr'><strong>petivit</strong></span> <span class='ocrx_word' id='word_1_86' title='bbox 1039 1355 1094 1405; x_wconf 90' lang='lat' dir='ltr'><strong>aut</strong></span> 
     </span>
     <span class='ocr_line' id='line_1_12' title="bbox 198 1454 1094 1526; baseline 0.003 -14"><span class='ocrx_word' id='word_1_87' title='bbox 198 1459 291 1512; x_wconf 82' lang='lat' dir='ltr'><strong>etiam</strong></span> <span class='ocrx_word' id='word_1_88' title='bbox 308 1475 326 1510; x_wconf 91' lang='lat' dir='ltr'><strong>a</strong></span> <span class='ocrx_word' id='word_1_89' title='bbox 343 1454 457 1524; x_wconf 67' lang='lat' dir='ltr'><strong>bestiis</strong></span> <span class='ocrx_word' id='word_1_90' title='bbox 473 1473 550 1524; x_wconf 91' lang='lat' dir='ltr'><strong>quae</strong></span> <span class='ocrx_word' id='word_1_91' title='bbox 568 1461 658 1525; x_wconf 83' lang='lat' dir='ltr'><strong>putat</strong></span> <span class='ocrx_word' id='word_1_92' title='bbox 675 1474 740 1512; x_wconf 93' lang='lat' dir='ltr'><strong>esse</strong></span> <span class='ocrx_word' id='word_1_93' title='bbox 761 1455 883 1526; x_wconf 90' lang='lat' dir='ltr'><strong>specula</strong></span> <span class='ocrx_word' id='word_1_94' title='bbox 903 1463 1038 1526; x_wconf 83' lang='lat' dir='ltr'><strong>naturae,</strong></span> <span class='ocrx_word' id='word_1_95' title='bbox 1056 1464 1094 1515; x_wconf 88' lang='lat' dir='ltr'><strong>ut</strong></span> 
     </span>
     <span class='ocr_line' id='line_1_13' title="bbox 197 1561 1093 1635; baseline 0.002 -15"><span class='ocrx_word' id='word_1_96' title='bbox 197 1563 315 1621; x_wconf 82' lang='lat' dir='ltr'><strong>diceret</strong></span> <span class='ocrx_word' id='word_1_97' title='bbox 335 1562 373 1618; x_wconf 91' lang='lat' dir='ltr'><strong>ab</strong></span> <span class='ocrx_word' id='word_1_98' title='bbox 393 1565 429 1618; x_wconf 91' lang='lat' dir='ltr'><strong>iis</strong></span> <span class='ocrx_word' id='word_1_99' title='bbox 448 1561 526 1618; x_wconf 91' lang='lat' dir='ltr'><strong>duee</strong></span> <span class='ocrx_word' id='word_1_100' title='bbox 548 1569 656 1619; x_wconf 82' lang='lat' dir='ltr'><strong>natura</strong></span> <span class='ocrx_word' id='word_1_101' title='bbox 677 1562 755 1620; x_wconf 87' lang='lat' dir='ltr'><strong>hanc</strong></span> <span class='ocrx_word' id='word_1_102' title='bbox 778 1562 966 1634; x_wconf 79' lang='lat' dir='ltr'><strong>voluptatem</strong></span> <span class='ocrx_word' id='word_1_103' title='bbox 988 1570 1093 1635; x_wconf 86' lang='lat' dir='ltr'><strong>expeti</strong></span> 
     </span>
     <span class='ocr_line' id='line_1_14' title="bbox 196 1670 1093 1744; baseline -0.001 -15"><span class='ocrx_word' id='word_1_104' title='bbox 196 1671 273 1729; x_wconf 90' lang='lat' dir='ltr'><strong>nihil</strong></span> <span class='ocrx_word' id='word_1_105' title='bbox 288 1670 421 1729; x_wconf 88' lang='lat' dir='ltr'><strong>dolendi.</strong></span> <span class='ocrx_word' id='word_1_106' title='bbox 466 1671 575 1742; x_wconf 87' lang='lat' dir='ltr'><strong>Neque</strong></span> <span class='ocrx_word' id='word_1_107' title='bbox 590 1676 672 1729; x_wconf 88' lang='lat' dir='ltr'><strong>enim</strong></span> <span class='ocrx_word' id='word_1_108' title='bbox 690 1672 765 1730; x_wconf 91' lang='lat' dir='ltr'><strong>haec</strong></span> <span class='ocrx_word' id='word_1_109' title='bbox 783 1691 905 1730; x_wconf 90' lang='lat' dir='ltr'><strong>movere</strong></span> <span class='ocrx_word' id='word_1_110' title='bbox 922 1679 1025 1743; x_wconf 81' lang='lat' dir='ltr'><strong>potest</strong></span> <span class='ocrx_word' id='word_1_111' title='bbox 1038 1692 1093 1744; x_wconf 86' lang='lat' dir='ltr'><strong>ap-</strong></span> 
     </span>
     <span class='ocr_line' id='line_1_15' title="bbox 192 1780 1093 1853; baseline 0.001 -15"><span class='ocrx_word' id='word_1_112' title='bbox 192 1785 328 1853; x_wconf 78' lang='lat' dir='ltr'><strong>petitum</strong></span> <span class='ocrx_word' id='word_1_113' title='bbox 351 1783 454 1851; x_wconf 85' lang='lat' dir='ltr'><strong>animi,</strong></span> <span class='ocrx_word' id='word_1_114' title='bbox 477 1799 535 1836; x_wconf 90' lang='lat' dir='ltr'><strong>nec</strong></span> <span class='ocrx_word' id='word_1_115' title='bbox 559 1780 654 1838; x_wconf 90' lang='lat' dir='ltr'><strong>ullum</strong></span> <span class='ocrx_word' id='word_1_116' title='bbox 678 1781 772 1839; x_wconf 78' lang='lat' dir='ltr'><strong>habet</strong></span> <span class='ocrx_word' id='word_1_117' title='bbox 795 1785 890 1838; x_wconf 84' lang='lat' dir='ltr'><strong>ictum</strong></span> <span class='ocrx_word' id='word_1_118' title='bbox 913 1800 973 1852; x_wconf 91' lang='lat' dir='ltr'><strong>quo</strong></span> <span class='ocrx_word' id='word_1_119' title='bbox 996 1780 1093 1851; x_wconf 82' lang='lat' dir='ltr'><strong>pellat</strong></span> 
     </span>
     <span class='ocr_line' id='line_1_16' title="bbox 196 1877 1093 1960; baseline 0.002 -14"><span class='ocrx_word' id='word_1_120' title='bbox 196 1893 329 1947; x_wconf 90' lang='lat' dir='ltr'><strong>animum</strong></span> <span class='ocrx_word' id='word_1_121' title='bbox 345 1896 442 1946; x_wconf 78' lang='lat' dir='ltr'><strong>status</strong></span> <span class='ocrx_word' id='word_1_122' title='bbox 457 1888 506 1945; x_wconf 92' lang='lat' dir='ltr'><strong>hic</strong></span> <span class='ocrx_word' id='word_1_123' title='bbox 521 1908 583 1946; x_wconf 91' lang='lat' dir='ltr'><strong>non</strong></span> <span class='ocrx_word' id='word_1_124' title='bbox 597 1889 722 1948; x_wconf 88' lang='lat' dir='ltr'><strong>dolendi</strong></span> <span class='ocrx_word' id='word_1_125' title='bbox 737 1877 855 1960; x_wconf 78' lang='lat' dir='ltr'><strong>(itaque</strong></span> <span class='ocrx_word' id='word_1_126' title='bbox 869 1893 899 1945; x_wconf 93' lang='lat' dir='ltr'><strong>in</strong></span> <span class='ocrx_word' id='word_1_127' title='bbox 913 1888 970 1945; x_wconf 93' lang='lat' dir='ltr'><strong>hoc</strong></span> <span class='ocrx_word' id='word_1_128' title='bbox 982 1888 1093 1948; x_wconf 90' lang='lat' dir='ltr'><strong>eodem</strong></span> 
     </span>
     <span class='ocr_line' id='line_1_17' title="bbox 196 1984 1092 2070; baseline 0 -15"><span class='ocrx_word' id='word_1_129' title='bbox 196 2005 304 2070; x_wconf 80' lang='lat' dir='ltr'><strong>peceat</strong></span> <span class='ocrx_word' id='word_1_130' title='bbox 319 1984 552 2066; x_wconf 84' lang='lat' dir='ltr'><strong>Hieronymus),</strong></span> <span class='ocrx_word' id='word_1_131' title='bbox 563 2003 596 2052; x_wconf 82' lang='lat' dir='ltr'><strong>ai</strong></span> <span class='ocrx_word' id='word_1_132' title='bbox 610 1996 662 2054; x_wconf 93' lang='lat' dir='ltr'><strong>ille</strong></span> <span class='ocrx_word' id='word_1_133' title='bbox 677 1997 766 2068; x_wconf 80' lang='lat' dir='ltr'><strong>pellit</strong></span> <span class='ocrx_word' id='word_1_134' title='bbox 777 2001 829 2069; x_wconf 92' lang='lat' dir='ltr'><strong>qui</strong></span> <span class='ocrx_word' id='word_1_135' title='bbox 840 1996 1011 2068; x_wconf 85' lang='lat' dir='ltr'><strong>permulcet</strong></span> <span class='ocrx_word' id='word_1_136' title='bbox 1022 2017 1092 2055; x_wconf 88' lang='lat' dir='ltr'><strong>sen·</strong></span> 
     </span>
     <span class='ocr_line' id='line_1_18' title="bbox 195 2103 1093 2177; baseline -0.001 -13"><span class='ocrx_word' id='word_1_137' title='bbox 195 2127 262 2164; x_wconf 92' lang='lat' dir='ltr'><strong>sum</strong></span> <span class='ocrx_word' id='word_1_138' title='bbox 276 2105 441 2176; x_wconf 85' lang='lat' dir='ltr'><strong>voluptate.</strong></span> <span class='ocrx_word' id='word_1_139' title='bbox 488 2103 597 2175; x_wconf 86' lang='lat' dir='ltr'><strong>ltaque</strong></span> <span class='ocrx_word' id='word_1_140' title='bbox 616 2103 763 2176; x_wconf 87' lang='lat' dir='ltr'><strong>Epicurus</strong></span> <span class='ocrx_word' id='word_1_141' title='bbox 781 2125 902 2177; x_wconf 89' lang='lat' dir='ltr'><strong>semper</strong></span> <span class='ocrx_word' id='word_1_142' title='bbox 918 2105 976 2163; x_wconf 92' lang='lat' dir='ltr'><strong>hoc</strong></span> <span class='ocrx_word' id='word_1_143' title='bbox 994 2109 1093 2164; x_wconf 79' lang='lat' dir='ltr'><strong>utitur</strong></span> 
     </span>
     <span class='ocr_line' id='line_1_19' title="bbox 195 2211 1146 2285; baseline -0.002 -12"><span class='ocrx_word' id='word_1_144' title='bbox 195 2223 231 2273; x_wconf 82' lang='lat' dir='ltr'><strong>ut</strong></span> <span class='ocrx_word' id='word_1_145' title='bbox 249 2214 359 2285; x_wconf 79' lang='lat' dir='ltr'><strong>probet</strong></span> <span class='ocrx_word' id='word_1_146' title='bbox 381 2211 571 2283; x_wconf 81' lang='lat' dir='ltr'><strong>voluptatem</strong></span> <span class='ocrx_word' id='word_1_147' title='bbox 593 2220 701 2271; x_wconf 82' lang='lat' dir='ltr'><strong>natura</strong></span> <span class='ocrx_word' id='word_1_148' title='bbox 721 2218 834 2285; x_wconf 84' lang='lat' dir='ltr'><strong>expeti,</strong></span> <span class='ocrx_word' id='word_1_149' title='bbox 853 2213 934 2285; x_wconf 91' lang='lat' dir='ltr'><strong>quod</strong></span> <span class='ocrx_word' id='word_1_150' title='bbox 953 2234 988 2271; x_wconf 88' lang='lat' dir='ltr'><strong>ea</strong></span> <span class='ocrx_word' id='word_1_151' title='bbox 1007 2214 1091 2272; x_wconf 90' lang='lat' dir='ltr'><strong>volu·</strong></span> <span class='ocrx_word' id='word_1_152' title='bbox 1142 2212 1146 2219; x_wconf 81' lang='grc'><strong>’</strong></span> 
     </span>
    </p>
   </div>
   <div class='ocr_carea' id='block_1_3' title="bbox 194 2321 1091 2410">
    <p class='ocr_par' dir='ltr' id='par_1_5' title="bbox 194 2321 1091 2410">
     <span class='ocr_line' id='line_1_20' title="bbox 194 2321 1091 2410; baseline 0.001 -30"><span class='ocrx_word' id='word_1_153' title='bbox 194 2331 262 2394; x_wconf 78' lang='lat' dir='ltr'><strong>pias</strong></span> <span class='ocrx_word' id='word_1_154' title='bbox 271 2340 348 2392; x_wconf 90' lang='lat' dir='ltr'><strong>quae</strong></span> <span class='ocrx_word' id='word_1_155' title='bbox 358 2324 390 2377; x_wconf 88' lang='lat' dir='ltr'><strong>in</strong></span> <span class='ocrx_word' id='word_1_156' title='bbox 400 2326 486 2376; x_wconf 83' lang='lat' dir='ltr'><strong>motu</strong></span> <span class='ocrx_word' id='word_1_157' title='bbox 496 2324 535 2378; x_wconf 85' lang='lat' dir='ltr'><strong>sit</strong></span> <span class='ocrx_word' id='word_1_158' title='bbox 545 2328 577 2378; x_wconf 88' lang='lat' dir='ltr'><strong>et</strong></span> <span class='ocrx_word' id='word_1_159' title='bbox 586 2341 692 2410; x_wconf 87' lang='lat' dir='ltr'><strong>parvos</strong></span> <span class='ocrx_word' id='word_1_160' title='bbox 704 2322 743 2379; x_wconf 91' lang='lat' dir='ltr'><strong>ad</strong></span> <span class='ocrx_word' id='word_1_161' title='bbox 755 2341 786 2379; x_wconf 94' lang='lat' dir='ltr'><strong>se</strong></span> <span class='ocrx_word' id='word_1_162' title='bbox 798 2321 913 2379; x_wconf 84' lang='lat' dir='ltr'><strong>alliciat</strong></span> <span class='ocrx_word' id='word_1_163' title='bbox 924 2329 956 2380; x_wconf 82' lang='lat' dir='ltr'><strong>et</strong></span> <span class='ocrx_word' id='word_1_164' title='bbox 967 2322 1091 2396; x_wconf 82' lang='lat' dir='ltr'><strong>bestias,</strong></span> 
     </span>
    </p>
   </div>
   <div class='ocr_carea' id='block_1_4' title="bbox 132 2427 1090 3038">
    <p class='ocr_par' dir='ltr' id='par_1_6' title="bbox 192 2427 1090 2720">
     <span class='ocr_line' id='line_1_21' title="bbox 194 2427 1087 2500; baseline 0.001 -12"><span class='ocrx_word' id='word_1_165' title='bbox 194 2451 256 2488; x_wconf 86' lang='lat' dir='ltr'><strong>non</strong></span> <span class='ocrx_word' id='word_1_166' title='bbox 279 2429 331 2486; x_wconf 92' lang='lat' dir='ltr'><strong>illa</strong></span> <span class='ocrx_word' id='word_1_167' title='bbox 353 2427 469 2486; x_wconf 77' lang='lat' dir='ltr'><strong>stabilis</strong></span> <span class='ocrx_word' id='word_1_168' title='bbox 492 2433 524 2485; x_wconf 90' lang='lat' dir='ltr'><strong>in</strong></span> <span class='ocrx_word' id='word_1_169' title='bbox 544 2449 603 2500; x_wconf 91' lang='lat' dir='ltr'><strong>qua</strong></span> <span class='ocrx_word' id='word_1_170' title='bbox 626 2437 746 2487; x_wconf 80' lang='lat' dir='ltr'><strong>tantum</strong></span> <span class='ocrx_word' id='word_1_171' title='bbox 770 2434 852 2487; x_wconf 83' lang='lat' dir='ltr'><strong>inest</strong></span> <span class='ocrx_word' id='word_1_172' title='bbox 874 2429 951 2487; x_wconf 89' lang='lat' dir='ltr'><strong>nihil</strong></span> <span class='ocrx_word' id='word_1_173' title='bbox 974 2430 1087 2490; x_wconf 90' lang='lat' dir='ltr'><strong>dolere.</strong></span> 
     </span>
     <span class='ocr_line' id='line_1_22' title="bbox 194 2537 1090 2610; baseline 0.002 -15"><span class='ocrx_word' id='word_1_174' title='bbox 194 2538 256 2610; x_wconf 84' lang='lat' dir='ltr'><strong>Qui</strong></span> <span class='ocrx_word' id='word_1_175' title='bbox 270 2542 363 2609; x_wconf 84' lang='lat' dir='ltr'><strong>igitur</strong></span> <span class='ocrx_word' id='word_1_176' title='bbox 378 2541 520 2609; x_wconf 77' lang='lat' dir='ltr'><strong>convenit</strong></span> <span class='ocrx_word' id='word_1_177' title='bbox 534 2539 572 2595; x_wconf 87' lang='lat' dir='ltr'><strong>ab</strong></span> <span class='ocrx_word' id='word_1_178' title='bbox 586 2537 646 2595; x_wconf 90' lang='lat' dir='ltr'><strong>alia</strong></span> <span class='ocrx_word' id='word_1_179' title='bbox 659 2538 817 2610; x_wconf 83' lang='lat' dir='ltr'><strong>voluptate</strong></span> <span class='ocrx_word' id='word_1_180' title='bbox 832 2538 934 2596; x_wconf 88' lang='lat' dir='ltr'><strong>dicere</strong></span> <span class='ocrx_word' id='word_1_181' title='bbox 948 2546 1090 2598; x_wconf 81' lang='lat' dir='ltr'><strong>naturam</strong></span> 
     </span>
     <span class='ocr_line' id='line_1_23' title="bbox 192 2646 913 2720; baseline 0 -16"><span class='ocrx_word' id='word_1_182' title='bbox 192 2647 349 2720; x_wconf 85' lang='lat' dir='ltr'><strong>proficisci,</strong></span> <span class='ocrx_word' id='word_1_183' title='bbox 364 2650 396 2702; x_wconf 92' lang='lat' dir='ltr'><strong>in</strong></span> <span class='ocrx_word' id='word_1_184' title='bbox 410 2646 469 2702; x_wconf 92' lang='lat' dir='ltr'><strong>alia</strong></span> <span class='ocrx_word' id='word_1_185' title='bbox 482 2666 633 2705; x_wconf 92' lang='lat' dir='ltr'><strong>summum</strong></span> <span class='ocrx_word' id='word_1_186' title='bbox 649 2649 763 2706; x_wconf 90' lang='lat' dir='ltr'><strong>bonum</strong></span> <span class='ocrx_word' id='word_1_187' title='bbox 778 2649 913 2719; x_wconf 85' lang='lat' dir='ltr'><strong>ponere?</strong></span> 
     </span>
    </p>

    <p class='ocr_par' dir='ltr' id='par_1_7' title="bbox 132 2746 1089 3038">
     <span class='ocr_line' id='line_1_24' title="bbox 132 2746 1089 2833; baseline -0.001 -12"><span class='ocrx_word' id='word_1_188' title='bbox 132 2769 170 2821; x_wconf 84' lang='grc'><strong>33</strong></span> <span class='ocrx_word' id='word_1_189' title='bbox 234 2761 287 2819; x_wconf 90' lang='lat' dir='ltr'><strong>XI.</strong></span> <span class='ocrx_word' id='word_1_190' title='bbox 312 2746 507 2818; x_wconf 82' lang='lat' dir='ltr'><strong>“Bestiarum</strong></span> <span class='ocrx_word' id='word_1_191' title='bbox 516 2782 587 2820; x_wconf 91' lang='lat' dir='ltr'><strong>vero</strong></span> <span class='ocrx_word' id='word_1_192' title='bbox 598 2763 716 2821; x_wconf 88' lang='lat' dir='ltr'><strong>nullum</strong></span> <span class='ocrx_word' id='word_1_193' title='bbox 725 2762 870 2820; x_wconf 90' lang='lat' dir='ltr'><strong>iudicium</strong></span> <span class='ocrx_word' id='word_1_194' title='bbox 879 2769 962 2833; x_wconf 86' lang='lat' dir='ltr'><strong>puto.</strong></span> <span class='ocrx_word' id='word_1_195' title='bbox 973 2760 1089 2832; x_wconf 85' lang='lat' dir='ltr'><strong>Quam-</strong></span> 
     </span>
     <span class='ocr_line' id='line_1_25' title="bbox 192 2868 1089 2942; baseline 0 -13"><span class='ocrx_word' id='word_1_196' title='bbox 192 2875 236 2929; x_wconf 89' lang='lat' dir='ltr'><strong>vis</strong></span> <span class='ocrx_word' id='word_1_197' title='bbox 245 2873 327 2928; x_wconf 89' lang='lat' dir='ltr'><strong>enim</strong></span> <span class='ocrx_word' id='word_1_198' title='bbox 343 2868 526 2940; x_wconf 84' lang='lat' dir='ltr'><strong>depravatae</strong></span> <span class='ocrx_word' id='word_1_199' title='bbox 535 2891 597 2927; x_wconf 90' lang='lat' dir='ltr'><strong>non</strong></span> <span class='ocrx_word' id='word_1_200' title='bbox 608 2875 680 2942; x_wconf 82' lang='lat' dir='ltr'><strong>sini,</strong></span> <span class='ocrx_word' id='word_1_201' title='bbox 691 2890 800 2942; x_wconf 85' lang='lat' dir='ltr'><strong>pravae</strong></span> <span class='ocrx_word' id='word_1_202' title='bbox 819 2878 924 2928; x_wconf 86' lang='lat' dir='ltr'><strong>tamen</strong></span> <span class='ocrx_word' id='word_1_203' title='bbox 939 2889 1004 2927; x_wconf 90' lang='lat' dir='ltr'><strong>esse</strong></span> <span class='ocrx_word' id='word_1_204' title='bbox 1019 2890 1089 2941; x_wconf 91' lang='lat' dir='ltr'><strong>pos-</strong></span> 
     </span>
     <span class='ocr_line' id='line_1_26' title="bbox 192 2976 1089 3038; baseline 0.002 -2"><span class='ocrx_word' id='word_1_205' title='bbox 192 2986 271 3037; x_wconf 82' lang='lat' dir='ltr'><strong>sunt.</strong></span> <span class='ocrx_word' id='word_1_206' title='bbox 318 2977 362 3036; x_wconf 82' lang='lat' dir='ltr'><strong>Ut</strong></span> <span class='ocrx_word' id='word_1_207' title='bbox 376 2976 518 3035; x_wconf 88' lang='lat' dir='ltr'><strong>bacillum</strong></span> <span class='ocrx_word' id='word_1_208' title='bbox 533 2978 615 3037; x_wconf 88' lang='lat' dir='ltr'><strong>aliud</strong></span> <span class='ocrx_word' id='word_1_209' title='bbox 630 2986 678 3037; x_wconf 82' lang='lat' dir='ltr'><strong>est</strong></span> <span class='ocrx_word' id='word_1_210' title='bbox 692 2977 835 3036; x_wconf 85' lang='lat' dir='ltr'><strong>inflexum</strong></span> <span class='ocrx_word' id='word_1_211' title='bbox 850 2985 882 3036; x_wconf 86' lang='lat' dir='ltr'><strong>et</strong></span> <span class='ocrx_word' id='word_1_212' title='bbox 897 2982 1089 3038; x_wconf 78' lang='lat' dir='ltr'><strong>incurvatum</strong></span> 
     </span>
    </p>
   </div>
   <div class='ocr_carea' id='block_1_5' title="bbox 191 3087 1141 3234">
    <p class='ocr_par' dir='ltr' id='par_1_8' title="bbox 191 3087 1141 3234">
     <span class='ocr_line' id='line_1_27' title="bbox 191 3087 1141 3164; baseline -0.004 -13"><span class='ocrx_word' id='word_1_213' title='bbox 191 3095 230 3152; x_wconf 90' lang='lat' dir='ltr'><strong>de</strong></span> <span class='ocrx_word' id='word_1_214' title='bbox 245 3092 404 3164; x_wconf 88' lang='lat' dir='ltr'><strong>industria,</strong></span> <span class='ocrx_word' id='word_1_215' title='bbox 418 3090 500 3149; x_wconf 91' lang='lat' dir='ltr'><strong>aliud</strong></span> <span class='ocrx_word' id='word_1_216' title='bbox 515 3094 558 3148; x_wconf 81' lang='lat' dir='ltr'><strong>ita</strong></span> <span class='ocrx_word' id='word_1_217' title='bbox 572 3087 884 3159; x_wconf 85' lang='lat' dir='ltr'><strong>natum,sicferaru1n</strong></span> <span class='ocrx_word' id='word_1_218' title='bbox 902 3093 1010 3144; x_wconf 86' lang='lat' dir='ltr'><strong>natura</strong></span> <span class='ocrx_word' id='word_1_219' title='bbox 1024 3107 1089 3147; x_wconf 89' lang='lat' dir='ltr'><strong>non</strong></span> <span class='ocrx_word' id='word_1_220' title='bbox 1137 3112 1141 3120; x_wconf 95' lang='lat'>·</span> 
     </span>
     <span class='ocr_line' id='line_1_28' title="bbox 277 3184 334 3234; baseline 0.018 -2"><span class='ocrx_word' id='word_1_221' title='bbox 277 3184 334 3234; x_wconf 90' lang='lat'><strong>118</strong></span> 
     </span>
    </p>
   </div>
   <div class='ocr_carea' id='block_1_6' title="bbox 0 0 1170 3698">
    <p class='ocr_par' dir='ltr' id='par_1_9' title="bbox 0 0 1170 3698">
     <span class='ocr_line' id='line_1_29' title="bbox 0 0 1170 3698; baseline 0 3"><span class='ocrx_word' id='word_1_222' title='bbox 0 0 1170 3698; x_wconf 95' lang='lat' dir='ltr'><strong> </strong></span> 
     </span>
    </p>
   </div>
  </div>
 </body>
</html>
