2332 3698
433 215 583 274 CICERO
607 215 664 273 DE
687 214 855 274 FINIBUS

194 336 331 395 subiecta
348 341 387 395 sit
401 339 533 408 vocibus,
554 359 614 395 non
635 339 816 408 intellegere
838 339 993 396 interdum
1013 338 1088 410 quid

194 464 283 514 sonet
306 456 381 514 haee
396 477 453 515 vox
468 457 641 529 voluptatis,
657 459 688 516 id
710 466 757 516 est
777 479 854 530 quae
869 479 917 516 res
936 459 1006 517 huie
1021 463 1086 517 voci

191 576 384 634 subiciatur.''

241 688 297 747 111.
323 691 401 748 Tum
421 692 473 751 ille
488 692 604 751 ridens:
627 679 724 750 “Hoc
739 694 839 764 vero,’'
856 697 967 766 inquit,
981 679 1087 766 “opti-

197 823 290 874 mum,
306 814 341 863 ut
356 810 380 863 is
395 811 446 878 qui
461 806 552 864 finem
572 827 673 865 rerum
692 807 933 879 expetendarum
943 808 1087 880 ,volupta-

195 925 259 974 tem
276 938 342 977 esse
360 920 453 992 dicat,
467 921 498 977 id
519 929 699 992 extremum,
714 922 745 979 id
765 922 907 979 ultimum
927 923 1087 992 bonorum,

196 1032 227 1089 id
243 1036 341 1104 ipsum
356 1035 430 1105 quid
450 1042 483 1093 et
501 1035 590 1106 quale
610 1039 650 1093 sit
669 1036 824 1093 nesciat!’'
871 1021 1023 1107 “Atqui''
1039 1040 1086 1094 in-

194 1167 294 1220 quam,
317 1134 396 1206 “aut
419 1150 566 1221 Epicurus
589 1149 663 1221 quid
686 1155 725 1207 sit
746 1150 884 1221 voluptas
906 1158 959 1208 aut
980 1169 1087 1210 omnes

193 1263 337 1322 mortales
363 1267 414 1334 qui
439 1265 552 1335 ubique
578 1273 649 1322 sunt
672 1265 842 1322 nesciunt.”
887 1250 1084 1336 “Quonam”

193 1380 303 1448 inquit,
319 1363 477 1435 “mod0?’'
523 1364 628 1450 “Quia
643 1379 830 1449 voluptatem
846 1379 924 1436 hanc
939 1398 1004 1437 esse
1016 1399 1085 1437 sen-

193 1495 276 1548 tiunt
291 1511 396 1549 omnes
407 1512 497 1562 quam
509 1512 614 1550 sensus
624 1497 775 1564 accipiens
786 1501 925 1552 movetur
936 1502 968 1552 et
978 1498 1085 1552 iucun-

153 1609 170 1665 7
193 1604 291 1661 ditate
317 1605 446 1675 quadam
471 1605 695 1677 perfunditur.'’
739 1593 848 1678 “Quid
874 1609 965 1678 ergo?
994 1613 1084 1667 istam

194 1718 412 1791 voluptatem,''
439 1724 548 1792 inquit,
574 1706 748 1793 “Epicurus
777 1722 939 1792 ignorat?”
984 1707 1003 1734 “
1013 1723 1084 1780 Non

192 1834 341 1905 semper,''
371 1839 495 1907 inquam
502 1855 510 1904 ;
546 1822 642 1892 “nam
678 1836 831 1894 interdurn
867 1840 956 1894 nimis
991 1841 1085 1894 etiam

194 1952 288 2018 novit,
304 1949 483 2021 quippe'qui
498 1949 679 2007 testificetur
698 1969 738 2007 ne
758 1950 939 2020 intellegere
959 1951 1084 2021 quidem

192 2081 224 2119 se
239 2081 326 2133 posse
341 2063 392 2119 ubi
412 2068 452 2121 sit
471 2071 524 2121 aut
543 2064 624 2134 quod
647 2068 687 2121 sit
710 2063 805 2122 ullum
828 2065 941 2122 bonum
963 2073 1086 2136 praeter

193 2175 269 2234 illud
284 2178 364 2247 quod
379 2178 446 2235 cibo
462 2187 494 2236 et
509 2184 633 2249 potione
648 2187 681 2236 et
695 2183 812 2235 aurium
827 2177 1032 2235 delectatione
1051 2187 1085 2236 et

194 2292 325 2349 obscena
339 2292 496 2364 voluptate
512 2298 654 2364 capiatur.
700 2293 757 2349 An
764 2292 840 2349 haec
855 2293 893 2349 ab
908 2312 944 2350 eo
959 2312 1020 2349 non
1039 2293 1084 2349 di-

330 2406 347 2427 „
393 2393 411 2419 ί(
504 2412 510 2423 .
825 2407 869 2426 ῃ,
938 2411 944 2422 .
987 2393 1019 2422 “-

193 2408 323 2464 cuntur?
418 2406 512 2479 Quasi
534 2427 606 2464 vero
626 2428 676 2464 me
698 2407 823 2478 pudeat,
861 2414 971 2477 rnqurt,
1011 2414 1084 2464 isto-

193 2541 259 2577 rum
288 2527 341 2577 aut
370 2541 431 2579 non
460 2525 571 2592 possim
600 2520 855 2591 quemadmodum
884 2541 920 2577 ea
945 2521 1086 2583 dicantur

193 2633 370 2692 ostendere!
379 2634 395 2653 ”
435 2621 526 2705 “Ego
538 2655 609 2693 vero
620 2655 682 2692 non
693 2622 829 2704 dubito,''
841 2639 973 2705 inquam,
984 2621 1084 2707 “quin

192 2746 281 2805 facile
297 2751 401 2819 possis,
413 2768 470 2806 nee
482 2757 530 2807 est
541 2749 622 2819 quod
633 2756 665 2807 te
676 2749 792 2820 pudeat
803 2753 932 2820 sapienti
944 2757 1084 2811 assentiri

194 2865 246 2932 qui
258 2881 290 2920 se
302 2881 389 2932 unuS,
399 2863 480 2933 quod
492 2867 594 2933 sciam,
606 2867 776 2934 sapientem
788 2863 922 2934 profiteri
933 2868 972 2920 sit
983 2884 1081 2925 ausus.

193 2975 271 3032 Nam
294 2975 504 3035 Metrodorum
525 2997 587 3035 non
609 2985 684 3048 puto
705 2982 804 3049 ipsum
824 2976 1003 3048 professum,
1018 2980 1083 3051 sed,

192 3109 261 3147 curn
271 3091 477 3162 appellaretur
487 3092 525 3148 ab
537 3078 678 3162 Epicuro,
687 3091 846 3162 repudiare
857 3098 978 3148 tantum
989 3092 1083 3152 bene-

275 3180 313 3230 84
