2332 3698
361 189 511 308 cronno
483 223 592 280 (ou
615 223 784 281 Ειιιιιιιιε

126 360 275 402 ειιιιιιιιιιιιι
286 345 398 421 bonum
408 348 516 401 statuit
525 364 586 401 non
596 344 699 402 dolere
702 344 884 416 ,voluptatis
894 346 1020 401 nomine

127 481 271 534 umquam
287 462 403 560 utitur
398 455 452 536 p'ro
469 464 521 521 illa
539 464 705 523 indolentia
708 469 844 538 ,quippe
862 467 914 536 qui
931 483 972 522 ne
986 467 1020 521 in

127 584 310 655 expetendis
315 548 445 657 quidem
460 586 550 644 rebus
564 594 706 644 numeret
717 587 912 658 voluptatem.

67 700 105 750 20
170 694 238 751 Vll.
265 672 378 786 ‘5‘Duae
402 703 473 753 sunt
494 701 576 755 enim
599 717 647 756 res
666 718 797 770 quoque,
814 717 854 756 ne
875 705 910 755 tu
928 697 1022 754 verba

128 809 225 866 solum
238 813 344 904 putes.
390 810 494 870 Unum
516 819 564 869 est
585 816 650 870 sine
670 811 773 871 dolore
795 832 871 882 esse,
889 812 1021 869 alterum

128 943 197 982 cum
208 889 380 1037 yblr13ptate
392 945 443 983 vos
458 946 496 983 ex
511 926 558 983 his
572 934 636 984 tam
646 925 839 984 dissimilibus
853 926 944 985 rebus
958 944 1022 983 non

128 1039 218 1136 modo
242 1060 353 1098 nomen
378 1060 472 1097 unum
494 1027 578 1109 (nam
603 1040 635 1098 id
658 1039 776 1098 facilius
799 1026 944 1113 paterer),
966 1039 1022 1098 sed

128 1129 222 1230 etiam
243 1177 309 1214 rem
330 1176 421 1214 unam
444 1176 480 1213 ex
502 1156 618 1215 duabus
638 1156 738 1215 facere
761 1159 921 1226 conamini,
939 1156 1023 1227 quod

100 1295 113 1330 ¹.
124 1254 192 1328 fieri
207 1271 292 1328 nullo
306 1272 397 1329 modo
412 1278 522 1342 potest.
569 1272 641 1342 Hic,
656 1276 709 1343 qui
725 1279 888 1342 utrumque
903 1270 1023 1343 probat,

71 1370 91 1429 ''-
102 1375 273 1442 ambobus
288 1384 396 1442 debuit
411 1389 467 1455 uti,
482 1389 561 1442 sicut
576 1385 649 1443 facit
663 1406 696 1444 re
711 1405 811 1458 neque
826 1392 930 1442 tamen
946 1384 1024 1442 divi-

9 1568 13 1579 Ι
66 1498 88 1513 ‘'
103 1512 108 1527 ¹
129 1498 176 1555 dit
189 1498 297 1555 verbis.
342 1498 419 1555 Cum
433 1502 516 1555 enim
531 1518 598 1555 eam
618 1504 713 1571 ipsam
728 1500 916 1572 voluptatem
931 1518 1024 1569 quam

63 1600 78 1658 ι’
129 1610 237 1670 eodem
252 1616 375 1668 nomine
391 1632 496 1670 omnes
511 1614 698 1684 appellamus
716 1615 821 1672 laudat
839 1613 912 1670 locis
928 1612 1024 1684 pluri-

1 1723 27 1780 ”.
47 1696 51 1709 Ι
128 1730 194 1797 ιιιίε,
203 1725 297 1784 audet
306 1726 408 1784 dicere
417 1747 457 1785 ne
467 1730 610 1799 suspicari
619 1729 743 1800 quidem
756 1747 788 1785 se
801 1727 895 1784 ullum
908 1727 1023 1784 bonum

128 1846 300 1900 seiunctum
317 1843 356 1898 ab
373 1841 426 1899 illo
445 1842 620 1914 Aristippeo
637 1863 752 1914 genere
771 1842 955 1912 voluptatis;
976 1847 1023 1898 at·

128 1975 187 2026 que
202 1956 244 2012 ibi
258 1955 316 2012 hoc
331 1956 406 2013 dicit
420 1957 472 2013 ubi
487 1961 584 2014 omnis
599 1961 663 2015 eius
678 1965 727 2014 est
741 1959 836 2013 oratio
850 1955 889 2012 de
904 1973 1024 2012 summo

128 2071 215 2127 bono.
262 2069 298 2126 ln
319 2070 378 2127 alio
400 2090 471 2128 vero
492 2069 578 2142 libro,
599 2075 711 2142 inquo
732 2072 865 2128 breviter
886 2087 1023 2140 compre·

127 2185 230 2244 hensis
252 2189 435 2255 gravissimis
459 2190 621 2244 sententiis
643 2190 728 2257 quasi
750 2184 870 2243 oracula
891 2182 1024 2242 edidisse

128 2303 295 2371 sapientiae
315 2298 436 2370 dicitur,
458 2301 563 2357 scribit
582 2299 629 2358 his
649 2300 758 2370 verbis,
775 2317 853 2370 quae
873 2304 946 2354 nota
966 2297 1024 2354 tibi

127 2413 274 2487 profecto,
287 2412 450 2484 Torquate,
463 2422 535 2472 sunt
545 2401 626 2486 (quis
638 2418 720 2472 enim
732 2421 866 2471 vestrum
881 2431 943 2469 non
958 2410 1024 2469 edi-

128 2529 204 2587 dicit
218 2528 341 2600 Epicuri
358 2525 455 2598 κυρίας
471 2521 560 2599 δόξας,
578 2527 609 2585 id
624 2536 673 2586 est
687 2532 771 2598 quasi
785 2530 917 2584 maxime
932 2532 1023 2597 ratas,

128 2649 198 2716 quia
220 2640 413 2714 gravissimae
437 2646 499 2699 sint
522 2641 561 2699 ad
584 2642 674 2699 beate
698 2641 862 2699 vivendum
887 2641 1024 2697 breviter

129 2761 305 2816 enuntiatae
320 2760 493 2815 sententiae
504 2743 530 2825 i)
551 2756 759 2813 animadverte
778 2759 881 2826 igitur,
897 2760 1023 2812 rectene

67 2879 102 2929 21
128 2872 207 2928 hanc
235 2875 421 2928 sententiam
451 2876 655 2944 interpreter:
698 2857 748 2929 ‘Si
777 2891 814 2927 ea
842 2889 919 2941 quae
949 2876 1024 2927 sunt

128 2985 287 3043 luxuriosis
307 2985 467 3043 efficientia
482 2985 674 3057 voluptatum
688 2985 855 3042 liberarent
876 3003 927 3040 eos
950 2982 1023 3040 deo-

128 3119 196 3159 rum
225 3106 259 3158 et
285 3103 390 3159 mortis
419 3107 452 3158 et
479 3099 590 3159 doloris
619 3107 704 3159 metu
734 3098 942 3168 docerentque
970 3101 1024 3168 qui

216 3189 274 3242 102

95 3376 124 3436 ί,
