<?xml version="1.0" encoding="UTF-8"?>
<!DOCTYPE html PUBLIC "-//W3C//DTD XHTML 1.0 Transitional//EN"
    "http://www.w3.org/TR/xhtml1/DTD/xhtml1-transitional.dtd">
<html xmlns="http://www.w3.org/1999/xhtml" xml:lang="en" lang="en">
 <head>
  <title>
</title>
<meta http-equiv="Content-Type" content="text/html;charset=utf-8" />
  <meta name='ocr-system' content='tesseract 3.04.00' />
  <meta name='ocr-capabilities' content='ocr_page ocr_carea ocr_par ocr_line ocrx_word'/>
</head>
<body>
  <div class='ocr_page' id='page_1' title='image "./definibusbonoru03cicegoog_0167.png"; bbox 0 0 2332 3698; ppageno 0'>
   <div class='ocr_carea' id='block_1_1' title="bbox 440 231 863 290">
    <p class='ocr_par' dir='ltr' id='par_1_1' title="bbox 440 231 863 290">
     <span class='ocr_line' id='line_1_1' title="bbox 440 231 863 290; baseline -0.002 0"><span class='ocrx_word' id='word_1_1' title='bbox 440 232 590 290; x_wconf 90' lang='lat' dir='ltr'>CICERO</span> <span class='ocrx_word' id='word_1_2' title='bbox 614 232 672 290; x_wconf 89' lang='lat' dir='ltr'><strong>DE</strong></span> <span class='ocrx_word' id='word_1_3' title='bbox 694 231 863 290; x_wconf 90' lang='lat' dir='ltr'>FINIBUS</span> 
     </span>
    </p>
   </div>
   <div class='ocr_carea' id='block_1_2' title="bbox 205 353 1106 859">
    <p class='ocr_par' dir='ltr' id='par_1_2' title="bbox 205 353 1106 859">
     <span class='ocr_line' id='line_1_2' title="bbox 205 353 1105 424; baseline -0.002 -11"><span class='ocrx_word' id='word_1_4' title='bbox 205 357 365 414; x_wconf 89' lang='lat' dir='ltr'><strong>voluerunt</strong></span> <span class='ocrx_word' id='word_1_5' title='bbox 375 363 410 412; x_wconf 92' lang='lat' dir='ltr'><strong>ut</strong></span> <span class='ocrx_word' id='word_1_6' title='bbox 419 373 486 411; x_wconf 86' lang='lat' dir='ltr'><strong>eam</strong></span> <span class='ocrx_word' id='word_1_7' title='bbox 495 373 596 410; x_wconf 86' lang='lat' dir='ltr'><strong>rerum</strong></span> <span class='ocrx_word' id='word_1_8' title='bbox 606 353 771 423; x_wconf 90' lang='lat' dir='ltr'><strong>selectione</strong></span> <span class='ocrx_word' id='word_1_9' title='bbox 781 353 1060 424; x_wconf 85' lang='lat' dir='ltr'><strong>exspoliarent,nec</strong></span> <span class='ocrx_word' id='word_1_10' title='bbox 1070 358 1105 411; x_wconf 90' lang='lat' dir='ltr'><strong>ei</strong></span> 
     </span>
     <span class='ocr_line' id='line_1_3' title="bbox 205 461 1101 535; baseline -0.003 -14"><span class='ocrx_word' id='word_1_11' title='bbox 205 464 369 535; x_wconf 84' lang='lat' dir='ltr'>quidquam</span> <span class='ocrx_word' id='word_1_12' title='bbox 381 470 434 520; x_wconf 88' lang='lat' dir='ltr'><strong>aut</strong></span> <span class='ocrx_word' id='word_1_13' title='bbox 445 462 526 519; x_wconf 90' lang='lat' dir='ltr'><strong>unde</strong></span> <span class='ocrx_word' id='word_1_14' title='bbox 538 465 667 519; x_wconf 88' lang='lat' dir='ltr'><strong>oriretur</strong></span> <span class='ocrx_word' id='word_1_15' title='bbox 678 461 788 519; x_wconf 88' lang='lat' dir='ltr'><strong>darent</strong></span> <span class='ocrx_word' id='word_1_16' title='bbox 802 469 856 518; x_wconf 88' lang='lat' dir='ltr'><strong>aut</strong></span> <span class='ocrx_word' id='word_1_17' title='bbox 870 462 922 519; x_wconf 94' lang='lat' dir='ltr'><strong>ubi</strong></span> <span class='ocrx_word' id='word_1_18' title='bbox 937 465 1101 533; x_wconf 83' lang='lat' dir='ltr'><strong>niteretur,</strong></span> 
     </span>
     <span class='ocr_line' id='line_1_4' title="bbox 206 570 1099 641; baseline 0.001 -14"><span class='ocrx_word' id='word_1_19' title='bbox 206 576 349 629; x_wconf 91' lang='lat' dir='ltr'><strong>virtutem</strong></span> <span class='ocrx_word' id='word_1_20' title='bbox 378 574 473 641; x_wconf 87' lang='lat' dir='ltr'><strong>ipsam</strong></span> <span class='ocrx_word' id='word_1_21' title='bbox 502 590 592 640; x_wconf 92' lang='lat' dir='ltr'><strong>quam</strong></span> <span class='ocrx_word' id='word_1_22' title='bbox 621 570 872 641; x_wconf 79' lang='lat' dir='ltr'><strong>amplexabantur</strong></span> <span class='ocrx_word' id='word_1_23' title='bbox 900 570 1099 628; x_wconf 88' lang='lat' dir='ltr'><strong>sustulerunt.</strong></span> 
     </span>
     <span class='ocr_line' id='line_1_5' title="bbox 207 671 1103 737; baseline 0 -1"><span class='ocrx_word' id='word_1_24' title='bbox 207 679 318 737; x_wconf 88' lang='lat' dir='ltr'><strong>Erillus</strong></span> <span class='ocrx_word' id='word_1_25' title='bbox 340 687 444 736; x_wconf 92' lang='lat' dir='ltr'><strong>autem</strong></span> <span class='ocrx_word' id='word_1_26' title='bbox 469 679 507 736; x_wconf 91' lang='lat' dir='ltr'><strong>ad</strong></span> <span class='ocrx_word' id='word_1_27' title='bbox 533 683 690 736; x_wconf 89' lang='lat' dir='ltr'><strong>scientiam</strong></span> <span class='ocrx_word' id='word_1_28' title='bbox 714 682 814 736; x_wconf 91' lang='lat' dir='ltr'><strong>omnia</strong></span> <span class='ocrx_word' id='word_1_29' title='bbox 840 698 982 736; x_wconf 89' lang='lat' dir='ltr'><strong>revocans</strong></span> <span class='ocrx_word' id='word_1_30' title='bbox 1004 671 1103 736; x_wconf 87' lang='lat' dir='ltr'><strong>unum</strong></span> 
     </span>
     <span class='ocr_line' id='line_1_6' title="bbox 207 786 1106 859; baseline -0.003 -14"><span class='ocrx_word' id='word_1_31' title='bbox 207 787 358 859; x_wconf 88' lang='lat' dir='ltr'><strong>quoddam</strong></span> <span class='ocrx_word' id='word_1_32' title='bbox 373 788 486 844; x_wconf 92' lang='lat' dir='ltr'><strong>bonum</strong></span> <span class='ocrx_word' id='word_1_33' title='bbox 498 787 583 857; x_wconf 90' lang='lat' dir='ltr'><strong>vidit,</strong></span> <span class='ocrx_word' id='word_1_34' title='bbox 596 786 651 844; x_wconf 90' lang='lat' dir='ltr'><strong>sed</strong></span> <span class='ocrx_word' id='word_1_35' title='bbox 665 805 723 844; x_wconf 91' lang='lat' dir='ltr'><strong>nec</strong></span> <span class='ocrx_word' id='word_1_36' title='bbox 738 789 886 856; x_wconf 91' lang='lat' dir='ltr'><strong>optimum</strong></span> <span class='ocrx_word' id='word_1_37' title='bbox 898 806 955 843; x_wconf 89' lang='lat' dir='ltr'><strong>nec</strong></span> <span class='ocrx_word' id='word_1_38' title='bbox 967 805 1026 857; x_wconf 93' lang='lat' dir='ltr'><strong>quo</strong></span> <span class='ocrx_word' id='word_1_39' title='bbox 1038 790 1106 843; x_wconf 80' lang='lat' dir='ltr'><strong>vita¹</strong></span> 
     </span>
    </p>
   </div>
   <div class='ocr_carea' id='block_1_3' title="bbox 206 893 1104 966">
    <p class='ocr_par' dir='ltr' id='par_1_3' title="bbox 206 893 1104 966">
     <span class='ocr_line' id='line_1_7' title="bbox 206 893 1104 966; baseline -0.001 -13"><span class='ocrx_word' id='word_1_40' title='bbox 206 897 368 966; x_wconf 86' lang='lat' dir='ltr'><strong>gubernari</strong></span> <span class='ocrx_word' id='word_1_41' title='bbox 391 899 493 966; x_wconf 90' lang='lat' dir='ltr'><strong>possit.</strong></span> <span class='ocrx_word' id='word_1_42' title='bbox 539 894 646 966; x_wconf 83' lang='lat' dir='ltr'><strong>Itaque</strong></span> <span class='ocrx_word' id='word_1_43' title='bbox 673 894 722 951; x_wconf 84' lang='lat' dir='ltr'><strong>hic</strong></span> <span class='ocrx_word' id='word_1_44' title='bbox 742 897 807 964; x_wconf 89' lang='lat' dir='ltr'><strong>ipse</strong></span> <span class='ocrx_word' id='word_1_45' title='bbox 830 897 889 951; x_wconf 90' lang='lat' dir='ltr'><strong>iam</strong></span> <span class='ocrx_word' id='word_1_46' title='bbox 913 893 1032 966; x_wconf 89' lang='lat' dir='ltr'><strong>pridem</strong></span> <span class='ocrx_word' id='word_1_47' title='bbox 1053 902 1104 952; x_wconf 90' lang='lat' dir='ltr'><strong>est</strong></span> 
     </span>
    </p>
   </div>
   <div class='ocr_carea' id='block_1_4' title="bbox 120 1002 1110 2971">
    <p class='ocr_par' dir='ltr' id='par_1_4' title="bbox 207 1002 1104 1169">
     <span class='ocr_line' id='line_1_8' title="bbox 207 1002 1104 1074; baseline 0.001 -15"><span class='ocrx_word' id='word_1_48' title='bbox 207 1007 352 1071; x_wconf 90' lang='lat' dir='ltr'><strong>reiectus;</strong></span> <span class='ocrx_word' id='word_1_49' title='bbox 374 1010 443 1074; x_wconf 89' lang='lat' dir='ltr'><strong>post</strong></span> <span class='ocrx_word' id='word_1_50' title='bbox 458 1007 540 1061; x_wconf 90' lang='lat' dir='ltr'><strong>enim</strong></span> <span class='ocrx_word' id='word_1_51' title='bbox 556 1002 757 1073; x_wconf 89' lang='lat' dir='ltr'><strong>Chrysippum</strong></span> <span class='ocrx_word' id='word_1_52' title='bbox 772 1021 833 1058; x_wconf 92' lang='lat' dir='ltr'><strong>non</strong></span> <span class='ocrx_word' id='word_1_53' title='bbox 849 1022 921 1059; x_wconf 87' lang='lat' dir='ltr'><strong>sane</strong></span> <span class='ocrx_word' id='word_1_54' title='bbox 937 1009 984 1060; x_wconf 88' lang='lat' dir='ltr'><strong>est</strong></span> <span class='ocrx_word' id='word_1_55' title='bbox 998 1002 1104 1072; x_wconf 90' lang='lat' dir='ltr'><strong>dispu-</strong></span> 
     </span>
     <span class='ocr_line' id='line_1_9' title="bbox 208 1120 315 1169; baseline -0.009 0"><span class='ocrx_word' id='word_1_56' title='bbox 208 1120 315 1169; x_wconf 86' lang='lat' dir='ltr'><strong>tatum.</strong></span> 
     </span>
    </p>

    <p class='ocr_par' dir='ltr' id='par_1_5' title="bbox 208 1205 1107 1507">
     <span class='ocr_line' id='line_1_10' title="bbox 249 1205 1104 1297; baseline -0.002 -19"><span class='ocrx_word' id='word_1_57' title='bbox 249 1219 330 1278; x_wconf 90' lang='lat' dir='ltr'>XIV.</span> <span class='ocrx_word' id='word_1_58' title='bbox 348 1205 367 1232; x_wconf 79' lang='lat'>“</span> <span class='ocrx_word' id='word_1_59' title='bbox 377 1221 508 1278; x_wconf 84' lang='lat' dir='ltr'><strong>Restatis</strong></span> <span class='ocrx_word' id='word_1_60' title='bbox 518 1224 610 1292; x_wconf 86' lang='lat' dir='ltr'><strong>igitur</strong></span> <span class='ocrx_word' id='word_1_61' title='bbox 620 1238 686 1287; x_wconf 91' lang='lat' dir='ltr'><strong>vos;</strong></span> <span class='ocrx_word' id='word_1_62' title='bbox 697 1239 769 1275; x_wconf 91' lang='lat' dir='ltr'><strong>nam</strong></span> <span class='ocrx_word' id='word_1_63' title='bbox 779 1238 847 1276; x_wconf 91' lang='lat' dir='ltr'><strong>cum</strong></span> <span class='ocrx_word' id='word_1_64' title='bbox 857 1218 1047 1276; x_wconf 84' lang='lat' dir='ltr'><strong>Academicis</strong></span> <span class='ocrx_word' id='word_1_65' title='bbox 1057 1223 1104 1297; x_wconf 65' lang='lat' dir='ltr'><strong>in7</strong></span> 
     </span>
     <span class='ocr_line' id='line_1_11' title="bbox 209 1327 1106 1399; baseline -0.002 -13"><span class='ocrx_word' id='word_1_66' title='bbox 209 1337 292 1386; x_wconf 83' lang='lat' dir='ltr'><strong>certa</strong></span> <span class='ocrx_word' id='word_1_67' title='bbox 299 1329 426 1386; x_wconf 88' lang='lat' dir='ltr'><strong>luctatio</strong></span> <span class='ocrx_word' id='word_1_68' title='bbox 436 1337 492 1397; x_wconf 92' lang='lat' dir='ltr'><strong>est,</strong></span> <span class='ocrx_word' id='word_1_69' title='bbox 503 1332 554 1399; x_wconf 92' lang='lat' dir='ltr'><strong>qui</strong></span> <span class='ocrx_word' id='word_1_70' title='bbox 565 1327 642 1384; x_wconf 90' lang='lat' dir='ltr'><strong>nihil</strong></span> <span class='ocrx_word' id='word_1_71' title='bbox 650 1328 800 1384; x_wconf 86' lang='lat' dir='ltr'><strong>affirmant</strong></span> <span class='ocrx_word' id='word_1_72' title='bbox 809 1335 841 1384; x_wconf 90' lang='lat' dir='ltr'><strong>et</strong></span> <span class='ocrx_word' id='word_1_73' title='bbox 851 1332 935 1397; x_wconf 87' lang='lat' dir='ltr'><strong>quasi</strong></span> <span class='ocrx_word' id='word_1_74' title='bbox 944 1327 1106 1399; x_wconf 81' lang='lat' dir='ltr'><strong>desperata</strong></span> 
     </span>
     <span class='ocr_line' id='line_1_12' title="bbox 208 1434 1107 1507; baseline -0.001 -13"><span class='ocrx_word' id='word_1_75' title='bbox 208 1441 382 1507; x_wconf 81' lang='lat' dir='ltr'><strong>cognitione</strong></span> <span class='ocrx_word' id='word_1_76' title='bbox 408 1440 484 1493; x_wconf 87' lang='lat' dir='ltr'><strong>certi</strong></span> <span class='ocrx_word' id='word_1_77' title='bbox 509 1435 541 1492; x_wconf 96' lang='lat' dir='ltr'><strong>id</strong></span> <span class='ocrx_word' id='word_1_78' title='bbox 566 1439 652 1506; x_wconf 92' lang='lat' dir='ltr'><strong>sequi</strong></span> <span class='ocrx_word' id='word_1_79' title='bbox 675 1434 781 1493; x_wconf 90' lang='lat' dir='ltr'><strong>volunt</strong></span> <span class='ocrx_word' id='word_1_80' title='bbox 804 1435 1017 1506; x_wconf 91' lang='lat' dir='ltr'><strong>quodcumque</strong></span> <span class='ocrx_word' id='word_1_81' title='bbox 1040 1441 1107 1494; x_wconf 91' lang='lat' dir='ltr'><strong>veri</strong></span> 
     </span>
    </p>

    <p class='ocr_par' dir='ltr' id='par_1_6' title="bbox 148 1544 1110 2767">
     <span class='ocr_line' id='line_1_13' title="bbox 148 1544 1107 1615; baseline 0.002 -11"><span class='ocrx_word' id='word_1_82' title='bbox 148 1554 186 1604; x_wconf 75' lang='lat'><strong>44</strong></span> <span class='ocrx_word' id='word_1_83' title='bbox 210 1546 307 1604; x_wconf 84' lang='lat' dir='ltr'><strong>simile</strong></span> <span class='ocrx_word' id='word_1_84' title='bbox 329 1545 475 1603; x_wconf 90' lang='lat' dir='ltr'><strong>videatur.</strong></span> <span class='ocrx_word' id='word_1_85' title='bbox 521 1544 596 1601; x_wconf 91' lang='lat' dir='ltr'><strong>Cum</strong></span> <span class='ocrx_word' id='word_1_86' title='bbox 619 1544 749 1614; x_wconf 86' lang='lat' dir='ltr'><strong>Epicuro</strong></span> <span class='ocrx_word' id='word_1_87' title='bbox 769 1552 872 1602; x_wconf 88' lang='lat' dir='ltr'><strong>autem</strong></span> <span class='ocrx_word' id='word_1_88' title='bbox 892 1545 950 1602; x_wconf 87' lang='lat' dir='ltr'><strong>hoc</strong></span> <span class='ocrx_word' id='word_1_89' title='bbox 970 1544 1038 1615; x_wconf 91' lang='lat' dir='ltr'><strong>plus</strong></span> <span class='ocrx_word' id='word_1_90' title='bbox 1058 1553 1107 1607; x_wconf 78' lang='lat' dir='ltr'><strong>est</strong></span> 
     </span>
     <span class='ocr_line' id='line_1_14' title="bbox 208 1652 1107 1726; baseline 0 -14"><span class='ocrx_word' id='word_1_91' title='bbox 208 1659 314 1726; x_wconf 81' lang='lat' dir='ltr'><strong>negoti</strong></span> <span class='ocrx_word' id='word_1_92' title='bbox 333 1653 414 1726; x_wconf 93' lang='lat' dir='ltr'><strong>quod</strong></span> <span class='ocrx_word' id='word_1_93' title='bbox 435 1673 452 1710; x_wconf 97' lang='lat' dir='ltr'><strong>e</strong></span> <span class='ocrx_word' id='word_1_94' title='bbox 470 1652 585 1724; x_wconf 91' lang='lat' dir='ltr'><strong>duplici</strong></span> <span class='ocrx_word' id='word_1_95' title='bbox 599 1661 721 1724; x_wconf 82' lang='lat' dir='ltr'><strong>&#39;genere</strong></span> <span class='ocrx_word' id='word_1_96' title='bbox 742 1653 906 1724; x_wconf 88' lang='lat' dir='ltr'><strong>voluptatis</strong></span> <span class='ocrx_word' id='word_1_97' title='bbox 926 1657 1107 1712; x_wconf 89' lang='lat' dir='ltr'><strong>coniunctus</strong></span> 
     </span>
     <span class='ocr_line' id='line_1_15' title="bbox 211 1761 1107 1835; baseline -0.001 -14"><span class='ocrx_word' id='word_1_98' title='bbox 211 1771 267 1833; x_wconf 89' lang='lat' dir='ltr'><strong>est,</strong></span> <span class='ocrx_word' id='word_1_99' title='bbox 279 1761 421 1835; x_wconf 89' lang='lat' dir='ltr'><strong>quodque</strong></span> <span class='ocrx_word' id='word_1_100' title='bbox 436 1767 469 1818; x_wconf 90' lang='lat' dir='ltr'><strong>et</strong></span> <span class='ocrx_word' id='word_1_101' title='bbox 484 1766 548 1832; x_wconf 88' lang='lat' dir='ltr'><strong>ipse</strong></span> <span class='ocrx_word' id='word_1_102' title='bbox 561 1768 593 1818; x_wconf 92' lang='lat' dir='ltr'><strong>et</strong></span> <span class='ocrx_word' id='word_1_103' title='bbox 604 1765 692 1818; x_wconf 92' lang='lat' dir='ltr'><strong>amici</strong></span> <span class='ocrx_word' id='word_1_104' title='bbox 705 1766 769 1819; x_wconf 93' lang='lat' dir='ltr'><strong>eius</strong></span> <span class='ocrx_word' id='word_1_105' title='bbox 785 1770 816 1819; x_wconf 90' lang='lat' dir='ltr'><strong>et</strong></span> <span class='ocrx_word' id='word_1_106' title='bbox 831 1761 921 1818; x_wconf 92' lang='lat' dir='ltr'><strong>multi</strong></span> <span class='ocrx_word' id='word_1_107' title='bbox 935 1769 1041 1831; x_wconf 84' lang='lat' dir='ltr'><strong>postea</strong></span> <span class='ocrx_word' id='word_1_108' title='bbox 1052 1761 1107 1821; x_wconf 89' lang='lat' dir='ltr'><strong>de-</strong></span> 
     </span>
     <span class='ocr_line' id='line_1_16' title="bbox 211 1870 1107 1943; baseline 0.001 -15"><span class='ocrx_word' id='word_1_109' title='bbox 211 1872 345 1930; x_wconf 89' lang='lat' dir='ltr'><strong>fensores</strong></span> <span class='ocrx_word' id='word_1_110' title='bbox 361 1874 425 1927; x_wconf 93' lang='lat' dir='ltr'><strong>eius</strong></span> <span class='ocrx_word' id='word_1_111' title='bbox 440 1874 612 1928; x_wconf 86' lang='lat' dir='ltr'><strong>sententiae</strong></span> <span class='ocrx_word' id='word_1_112' title='bbox 628 1870 762 1940; x_wconf 89' lang='lat' dir='ltr'><strong>fuerunt,</strong></span> <span class='ocrx_word' id='word_1_113' title='bbox 779 1878 810 1927; x_wconf 90' lang='lat' dir='ltr'><strong>et</strong></span> <span class='ocrx_word' id='word_1_114' title='bbox 828 1875 930 1928; x_wconf 91' lang='lat' dir='ltr'><strong>nescio</strong></span> <span class='ocrx_word' id='word_1_115' title='bbox 945 1871 1107 1943; x_wconf 86' lang='lat' dir='ltr'><strong>quomodo,</strong></span> 
     </span>
     <span class='ocr_line' id='line_1_17' title="bbox 211 1979 1106 2051; baseline -0.001 -13"><span class='ocrx_word' id='word_1_116' title='bbox 211 1984 236 2038; x_wconf 93' lang='lat' dir='ltr'><strong>is</strong></span> <span class='ocrx_word' id='word_1_117' title='bbox 254 1983 305 2050; x_wconf 92' lang='lat' dir='ltr'><strong>qui</strong></span> <span class='ocrx_word' id='word_1_118' title='bbox 325 1983 538 2037; x_wconf 86' lang='lat' dir='ltr'><strong>auctoritatem</strong></span> <span class='ocrx_word' id='word_1_119' title='bbox 558 1982 714 2036; x_wconf 88' lang='lat' dir='ltr'><strong>minimam</strong></span> <span class='ocrx_word' id='word_1_120' title='bbox 734 1979 837 2049; x_wconf 87' lang='lat' dir='ltr'><strong>habet,</strong></span> <span class='ocrx_word' id='word_1_121' title='bbox 856 1983 1017 2036; x_wconf 87' lang='lat' dir='ltr'><strong>maximam</strong></span> <span class='ocrx_word' id='word_1_122' title='bbox 1034 1983 1106 2051; x_wconf 88' lang='lat' dir='ltr'><strong>vim,</strong></span> 
     </span>
     <span class='ocr_line' id='line_1_18' title="bbox 211 2085 1107 2159; baseline 0.001 -16"><span class='ocrx_word' id='word_1_123' title='bbox 211 2085 340 2159; x_wconf 90' lang='lat' dir='ltr'><strong>populus</strong></span> <span class='ocrx_word' id='word_1_124' title='bbox 356 2105 424 2143; x_wconf 91' lang='lat' dir='ltr'><strong>cum</strong></span> <span class='ocrx_word' id='word_1_125' title='bbox 440 2085 498 2144; x_wconf 93' lang='lat' dir='ltr'><strong>illis</strong></span> <span class='ocrx_word' id='word_1_126' title='bbox 513 2085 593 2144; x_wconf 84' lang='lat' dir='ltr'><strong>facit.</strong></span> <span class='ocrx_word' id='word_1_127' title='bbox 640 2085 723 2156; x_wconf 86' lang='lat' dir='ltr'><strong>Quos</strong></span> <span class='ocrx_word' id='word_1_128' title='bbox 738 2090 795 2143; x_wconf 92' lang='lat' dir='ltr'><strong>nisi</strong></span> <span class='ocrx_word' id='word_1_129' title='bbox 810 2086 1028 2156; x_wconf 78' lang='lat' dir='ltr'><strong>redarguimus,</strong></span> <span class='ocrx_word' id='word_1_130' title='bbox 1043 2105 1107 2144; x_wconf 92' lang='lat' dir='ltr'><strong>om-</strong></span> 
     </span>
     <span class='ocr_line' id='line_1_19' title="bbox 212 2186 1109 2257; baseline 0 -12"><span class='ocrx_word' id='word_1_131' title='bbox 212 2192 259 2245; x_wconf 91' lang='lat' dir='ltr'><strong>nis</strong></span> <span class='ocrx_word' id='word_1_132' title='bbox 281 2191 384 2257; x_wconf 84' lang='lat' dir='ltr'><strong>virtus,</strong></span> <span class='ocrx_word' id='word_1_133' title='bbox 407 2207 497 2245; x_wconf 90' lang='lat' dir='ltr'><strong>omne</strong></span> <span class='ocrx_word' id='word_1_134' title='bbox 519 2187 622 2256; x_wconf 79' lang='lat' dir='ltr'><strong>decuS,</strong></span> <span class='ocrx_word' id='word_1_135' title='bbox 643 2191 740 2244; x_wconf 89' lang='lat' dir='ltr'><strong>omnis</strong></span> <span class='ocrx_word' id='word_1_136' title='bbox 762 2206 832 2243; x_wconf 88' lang='lat' dir='ltr'><strong>vera</strong></span> <span class='ocrx_word' id='word_1_137' title='bbox 853 2187 917 2244; x_wconf 90' lang='lat' dir='ltr'><strong>laus</strong></span> <span class='ocrx_word' id='word_1_138' title='bbox 939 2186 1109 2245; x_wconf 87' lang='lat' dir='ltr'><strong>deserenda</strong></span> 
     </span>
     <span class='ocr_line' id='line_1_20' title="bbox 213 2288 1109 2360; baseline 0.001 -13"><span class='ocrx_word' id='word_1_139' title='bbox 213 2296 268 2348; x_wconf 88' lang='lat' dir='ltr'><strong>est.</strong></span> <span class='ocrx_word' id='word_1_140' title='bbox 314 2288 362 2347; x_wconf 90' lang='lat' dir='ltr'><strong>Ita</strong></span> <span class='ocrx_word' id='word_1_141' title='bbox 387 2297 558 2347; x_wconf 89' lang='lat' dir='ltr'><strong>ceterorum</strong></span> <span class='ocrx_word' id='word_1_142' title='bbox 583 2293 744 2346; x_wconf 89' lang='lat' dir='ltr'><strong>sententiis</strong></span> <span class='ocrx_word' id='word_1_143' title='bbox 770 2293 903 2358; x_wconf 89' lang='lat' dir='ltr'><strong>semotis,</strong></span> <span class='ocrx_word' id='word_1_144' title='bbox 925 2289 1109 2360; x_wconf 90' lang='lat' dir='ltr'><strong>relinquitur</strong></span> 
     </span>
     <span class='ocr_line' id='line_1_21' title="bbox 213 2389 1108 2461; baseline 0.002 -13"><span class='ocrx_word' id='word_1_145' title='bbox 213 2410 275 2448; x_wconf 93' lang='lat' dir='ltr'><strong>non</strong></span> <span class='ocrx_word' id='word_1_146' title='bbox 296 2390 370 2447; x_wconf 92' lang='lat' dir='ltr'><strong>mihi</strong></span> <span class='ocrx_word' id='word_1_147' title='bbox 392 2410 461 2447; x_wconf 93' lang='lat' dir='ltr'><strong>cum</strong></span> <span class='ocrx_word' id='word_1_148' title='bbox 482 2390 635 2461; x_wconf 88' lang='lat' dir='ltr'><strong>Torquato</strong></span> <span class='ocrx_word' id='word_1_149' title='bbox 657 2390 711 2448; x_wconf 93' lang='lat' dir='ltr'><strong>sed</strong></span> <span class='ocrx_word' id='word_1_150' title='bbox 733 2394 838 2447; x_wconf 90' lang='lat' dir='ltr'><strong>virtuti</strong></span> <span class='ocrx_word' id='word_1_151' title='bbox 860 2410 928 2447; x_wconf 93' lang='lat' dir='ltr'><strong>cum</strong></span> <span class='ocrx_word' id='word_1_152' title='bbox 950 2389 1108 2460; x_wconf 84' lang='lat' dir='ltr'><strong>voluptate</strong></span> 
     </span>
     <span class='ocr_line' id='line_1_22' title="bbox 215 2470 1109 2564; baseline 0.002 -14"><span class='ocrx_word' id='word_1_153' title='bbox 215 2496 349 2551; x_wconf 85' lang='lat' dir='ltr'><strong>certatio.</strong></span> <span class='ocrx_word' id='word_1_154' title='bbox 387 2491 487 2562; x_wconf 86' lang='lat' dir='ltr'><strong>Quam</strong></span> <span class='ocrx_word' id='word_1_155' title='bbox 498 2492 621 2564; x_wconf 92' lang='lat' dir='ltr'><strong>quidem</strong></span> <span class='ocrx_word' id='word_1_156' title='bbox 634 2495 833 2549; x_wconf 85' lang='lat' dir='ltr'><strong>certationem</strong></span> <span class='ocrx_word' id='word_1_157' title='bbox 848 2491 939 2549; x_wconf 92' lang='lat' dir='ltr'><strong>homo</strong></span> <span class='ocrx_word' id='word_1_158' title='bbox 954 2499 986 2548; x_wconf 96' lang='lat' dir='ltr'><strong>et</strong></span> <span class='ocrx_word' id='word_1_159' title='bbox 1000 2470 1109 2552; x_wconf 82' lang='lat' dir='ltr'><strong>acutus</strong></span> 
     </span>
     <span class='ocr_line' id='line_1_23' title="bbox 215 2593 1109 2666; baseline 0.002 -14"><span class='ocrx_word' id='word_1_160' title='bbox 215 2601 248 2652; x_wconf 86' lang='lat' dir='ltr'><strong>et</strong></span> <span class='ocrx_word' id='word_1_161' title='bbox 273 2593 412 2664; x_wconf 86' lang='lat' dir='ltr'><strong>diligens,</strong></span> <span class='ocrx_word' id='word_1_162' title='bbox 436 2593 630 2665; x_wconf 80' lang='lat' dir='ltr'><strong>Chrysippus,</strong></span> <span class='ocrx_word' id='word_1_163' title='bbox 653 2612 714 2649; x_wconf 91' lang='lat' dir='ltr'><strong>non</strong></span> <span class='ocrx_word' id='word_1_164' title='bbox 741 2597 920 2662; x_wconf 88' lang='lat' dir='ltr'><strong>contemnit,</strong></span> <span class='ocrx_word' id='word_1_165' title='bbox 946 2600 1109 2666; x_wconf 88' lang='lat' dir='ltr'><strong>totumque</strong></span> 
     </span>
     <span class='ocr_line' id='line_1_24' title="bbox 216 2696 1110 2767; baseline 0.002 -15"><span class='ocrx_word' id='word_1_166' title='bbox 216 2696 378 2753; x_wconf 88' lang='lat' dir='ltr'><strong>discrimen</strong></span> <span class='ocrx_word' id='word_1_167' title='bbox 396 2699 505 2753; x_wconf 92' lang='lat' dir='ltr'><strong>summi</strong></span> <span class='ocrx_word' id='word_1_168' title='bbox 522 2696 594 2752; x_wconf 92' lang='lat' dir='ltr'><strong>boni</strong></span> <span class='ocrx_word' id='word_1_169' title='bbox 612 2699 643 2751; x_wconf 92' lang='lat' dir='ltr'><strong>in</strong></span> <span class='ocrx_word' id='word_1_170' title='bbox 662 2713 765 2751; x_wconf 87' lang='lat' dir='ltr'><strong>earum</strong></span> <span class='ocrx_word' id='word_1_171' title='bbox 786 2698 1009 2765; x_wconf 88' lang='lat' dir='ltr'><strong>comparatione</strong></span> <span class='ocrx_word' id='word_1_172' title='bbox 1029 2701 1110 2767; x_wconf 90' lang='lat' dir='ltr'><strong>posi-</strong></span> 
     </span>
    </p>

    <p class='ocr_par' dir='ltr' id='par_1_7' title="bbox 120 2796 1110 2971">
     <span class='ocr_line' id='line_1_25' title="bbox 120 2796 1110 2868; baseline 0.004 -14"><span class='ocrx_word' id='word_1_173' title='bbox 120 2817 122 2821; x_wconf 71' lang='grc'>’</span> <span class='ocrx_word' id='word_1_174' title='bbox 215 2805 282 2854; x_wconf 87' lang='lat' dir='ltr'><strong>tum</strong></span> <span class='ocrx_word' id='word_1_175' title='bbox 300 2803 395 2868; x_wconf 83' lang='lat' dir='ltr'><strong>putat.</strong></span> <span class='ocrx_word' id='word_1_176' title='bbox 441 2798 507 2868; x_wconf 86' lang='lat' dir='ltr'><strong>Ego</strong></span> <span class='ocrx_word' id='word_1_177' title='bbox 524 2803 627 2854; x_wconf 90' lang='lat' dir='ltr'><strong>autem</strong></span> <span class='ocrx_word' id='word_1_178' title='bbox 648 2799 797 2866; x_wconf 84' lang='lat' dir='ltr'><strong>existimo,</strong></span> <span class='ocrx_word' id='word_1_179' title='bbox 816 2801 839 2853; x_wconf 92' lang='lat' dir='ltr'><strong>si</strong></span> <span class='ocrx_word' id='word_1_180' title='bbox 859 2796 1022 2854; x_wconf 87' lang='lat' dir='ltr'><strong>honestum</strong></span> <span class='ocrx_word' id='word_1_181' title='bbox 1043 2817 1110 2858; x_wconf 91' lang='lat' dir='ltr'><strong>esse</strong></span> 
     </span>
     <span class='ocr_line' id='line_1_26' title="bbox 215 2897 1110 2971; baseline 0.004 -15"><span class='ocrx_word' id='word_1_182' title='bbox 215 2897 330 2971; x_wconf 91' lang='lat' dir='ltr'><strong>aliquid</strong></span> <span class='ocrx_word' id='word_1_183' title='bbox 340 2898 502 2958; x_wconf 88' lang='lat' dir='ltr'><strong>ostendero</strong></span> <span class='ocrx_word' id='word_1_184' title='bbox 513 2898 594 2969; x_wconf 89' lang='lat' dir='ltr'><strong>quod</strong></span> <span class='ocrx_word' id='word_1_185' title='bbox 608 2902 648 2955; x_wconf 92' lang='lat' dir='ltr'><strong>sit</strong></span> <span class='ocrx_word' id='word_1_186' title='bbox 663 2902 761 2970; x_wconf 91' lang='lat' dir='ltr'><strong>ipsum</strong></span> <span class='ocrx_word' id='word_1_187' title='bbox 772 2917 824 2955; x_wconf 88' lang='lat' dir='ltr'><strong>sua</strong></span> <span class='ocrx_word' id='word_1_188' title='bbox 835 2902 864 2953; x_wconf 93' lang='lat' dir='ltr'><strong>vi</strong></span> <span class='ocrx_word' id='word_1_189' title='bbox 879 2905 1003 2968; x_wconf 91' lang='lat' dir='ltr'><strong>propter</strong></span> <span class='ocrx_word' id='word_1_190' title='bbox 1013 2916 1110 2971; x_wconf 91' lang='lat' dir='ltr'><strong>seque</strong></span> 
     </span>
    </p>
   </div>
   <div class='ocr_carea' id='block_1_5' title="bbox 216 2998 1110 3073">
    <p class='ocr_par' dir='ltr' id='par_1_8' title="bbox 216 2998 1110 3073">
     <span class='ocr_line' id='line_1_27' title="bbox 216 2998 1110 3073; baseline 0 -15"><span class='ocrx_word' id='word_1_191' title='bbox 216 2998 433 3073; x_wconf 86' lang='lat' dir='ltr'><strong>expetendum,</strong></span> <span class='ocrx_word' id='word_1_192' title='bbox 453 3004 551 3057; x_wconf 86' lang='lat' dir='ltr'><strong>iacere</strong></span> <span class='ocrx_word' id='word_1_193' title='bbox 571 3006 671 3058; x_wconf 87' lang='lat' dir='ltr'><strong>vestra</strong></span> <span class='ocrx_word' id='word_1_194' title='bbox 690 3003 798 3056; x_wconf 87' lang='lat' dir='ltr'><strong>omnia.</strong></span> <span class='ocrx_word' id='word_1_195' title='bbox 844 2998 951 3069; x_wconf 87' lang='lat' dir='ltr'><strong>ltaque</strong></span> <span class='ocrx_word' id='word_1_196' title='bbox 967 3018 1003 3056; x_wconf 98' lang='lat' dir='ltr'><strong>eo</strong></span> <span class='ocrx_word' id='word_1_197' title='bbox 1018 3001 1110 3072; x_wconf 78' lang='lat' dir='ltr'><strong>quale</strong></span> 
     </span>
    </p>
   </div>
   <div class='ocr_carea' id='block_1_6' title="bbox 216 3099 1110 3244">
    <p class='ocr_par' dir='ltr' id='par_1_9' title="bbox 216 3099 1110 3244">
     <span class='ocr_line' id='line_1_28' title="bbox 216 3099 1110 3174; baseline 0.001 -14"><span class='ocrx_word' id='word_1_198' title='bbox 216 3106 256 3160; x_wconf 86' lang='lat' dir='ltr'><strong>sit</strong></span> <span class='ocrx_word' id='word_1_199' title='bbox 273 3102 406 3158; x_wconf 88' lang='lat' dir='ltr'><strong>breviter</strong></span> <span class='ocrx_word' id='word_1_200' title='bbox 426 3108 460 3159; x_wconf 91' lang='lat' dir='ltr'><strong>ut</strong></span> <span class='ocrx_word' id='word_1_201' title='bbox 480 3109 601 3171; x_wconf 88' lang='lat' dir='ltr'><strong>tempus</strong></span> <span class='ocrx_word' id='word_1_202' title='bbox 620 3099 755 3174; x_wconf 89' lang='lat' dir='ltr'><strong>postulat</strong></span> <span class='ocrx_word' id='word_1_203' title='bbox 774 3104 949 3172; x_wconf 87' lang='lat' dir='ltr'><strong>constituto,</strong></span> <span class='ocrx_word' id='word_1_204' title='bbox 964 3101 1110 3165; x_wconf 85' lang='lat' dir='ltr'><strong>accedam</strong></span> 
     </span>
     <span class='ocr_line' id='line_1_29' title="bbox 302 3189 361 3244; baseline -0.034 -1"><span class='ocrx_word' id='word_1_205' title='bbox 302 3189 361 3244; x_wconf 80' lang='lat'><strong>130</strong></span> 
     </span>
    </p>
   </div>
   <div class='ocr_carea' id='block_1_7' title="bbox 0 0 1183 3698">
    <p class='ocr_par' dir='ltr' id='par_1_10' title="bbox 0 0 1183 3698">
     <span class='ocr_line' id='line_1_30' title="bbox 0 0 1183 3698; baseline 0 0"><span class='ocrx_word' id='word_1_206' title='bbox 0 0 1183 3698; x_wconf 95' lang='lat' dir='ltr'><strong> </strong></span> 
     </span>
    </p>
   </div>
  </div>
 </body>
</html>
