2332 3698
446 236 596 297 CICERO
620 237 677 295 DE
699 235 868 296 FINIBUS

211 358 389 430 Quomodo?
433 359 465 419 Si
488 360 614 417 verbum
642 363 805 429 sequimur,
827 361 959 429 primum
980 355 1102 424 longius

210 468 336 524 verbum
347 471 553 538 praepositum
563 486 653 538 quam
664 453 851 523 bonum.’-‘
858 465 943 522 Nihil
954 464 993 521 ad
1004 482 1069 519 rem
1078 462 1100 518 !'

209 562 316 632 -‘Ne
336 580 376 633 sit
397 595 485 643 sane3
510 583 543 632 at
557 583 641 633 certe
661 579 791 646 gravius.
837 574 917 631 Nam
934 574 1048 630 bonum
1063 589 1101 627 ex

210 702 270 753 quo
284 684 471 754 appellatum
480 687 530 753 sit,
541 687 644 741 nescio
652 703 660 751 ;
674 686 880 754 praepositum
895 701 933 738 ex
948 700 985 738 eo
1000 677 1101 748 credo,

210 792 292 862 quod
315 799 520 864 praeponatur
538 792 619 849 aliis:
641 793 673 850 id
699 790 774 848 milri
795 810 941 862 magnum
960 787 1100 846 videtur.’

212 899 320 971 ltaque
335 901 458 958 dicebat
476 900 545 971 plus
564 902 658 958 tribui
678 901 791 958 divitiis
804 920 823 955 a
842 899 964 956 Zenone
979 901 1029 968 qui
1051 916 1102 954 eas

211 1012 244 1065 in
258 1013 436 1080 praepositis
450 1017 580 1081 poneret
591 1029 682 1081 quarn
690 1010 728 1067 ab
737 1008 906 1067 Aristotele
921 1011 973 1079 qui
988 1008 1101 1064 bonum
1159 1006 1162 1012 '

212 1136 278 1174 esse
293 1118 412 1175 divitias
427 1117 577 1176 fateretur
590 1118 645 1175 sed
664 1137 765 1189 neque
779 1137 926 1188 magnum
940 1117 1054 1173 bonum
1069 1121 1102 1173 et

212 1243 284 1294 prae
304 1228 396 1282 rectis
415 1224 613 1296 honestisque
635 1225 895 1283 contemnendum
916 1243 951 1281 ac
973 1223 1102 1294 despici-

211 1334 325 1391 endum
346 1353 404 1391 nec
425 1354 537 1404 magno
559 1354 650 1407 opere
672 1334 896 1406 expetendum;
918 1337 1102 1403 omninoque

210 1439 250 1498 de
265 1445 331 1498 istis
345 1443 485 1499 omnibus
496 1443 596 1500 verbis
610 1463 628 1499 a
643 1442 765 1500 Zenone
776 1447 902 1500 mutatis
913 1447 956 1499 ita
966 1441 1101 1513 disputa-

210 1549 273 1619 bat,
293 1556 326 1606 et
345 1569 422 1620 quae
446 1551 526 1607 bona
548 1559 736 1620 negarentur
757 1571 823 1610 esse
846 1552 885 1608 ab
908 1570 945 1608 eo
968 1557 1001 1608 et
1024 1569 1101 1621 quae

209 1656 299 1728 mala,
309 1657 362 1715 illa
376 1657 551 1717 laetioribus
562 1660 735 1717 nominibus
749 1660 895 1732 appellari
909 1660 948 1716 ab
959 1678 996 1716 eo
1011 1678 1102 1730 quam

210 1767 340 1838 anobis,
354 1766 430 1825 haec
444 1769 635 1826 tristioribus.
679 1769 747 1827 Piso
761 1773 855 1840 igitur
869 1768 927 1825 hoc
942 1767 1042 1837 modo,
1057 1771 1103 1824 vir

210 1879 343 1947 optimus
357 1880 474 1947 tuique,
489 1883 525 1934 ut
538 1881 605 1949 scis,
617 1881 855 1945 amantissimum
876 1897 931 1934 nos
945 1880 1048 1948 paucis
1062 1875 1102 1933 ad

209 1983 285 2041 haec
307 1984 419 2042 additis
441 1984 533 2042 finem
549 1985 695 2043 faciamus
712 1985 891 2057 aliquand03
912 1985 1039 2055 longum
1054 1991 1102 2043 est

210 2095 293 2150 enim
307 2091 346 2149 ad
360 2096 461 2150 omnia
475 2094 659 2164 respondere
673 2114 751 2165 quae
764 2115 783 2150 a
798 2101 829 2152 te
844 2094 1016 2151 dictasunt.

149 2202 188 2262 74
252 2199 382 2257 XXVII.
407 2186 512 2258 “Nam
523 2221 562 2258 ex
577 2203 693 2260 eisdem
707 2204 868 2260 verborum
882 2205 1054 2272 praestigiis
1069 2208 1102 2259 et

208 2327 303 2379 regna
314 2315 387 2364 nata
397 2309 481 2366 vobis
491 2317 564 2368 sunt
578 2318 611 2368 et
625 2315 752 2382 imperia
763 2318 795 2369 et
806 2312 940 2380 divitiae,
952 2318 985 2368 et
996 2317 1102 2368 tantae

209 2416 333 2486 quidem
354 2424 390 2474 ut
410 2422 513 2476 omnia
538 2439 615 2490 quae
641 2420 754 2491 ubique
777 2424 839 2477 sint
864 2422 1009 2490 sapientis
1033 2438 1101 2476 esse

208 2523 324 2581 dicatis.
369 2524 474 2584 Solum
488 2534 647 2597 praeterea
661 2527 836 2598 formosum,
847 2527 945 2585 solum
959 2527 1100 2598 liberum,

208 2631 306 2688 solum
328 2635 441 2716 civem;
471 2623 598 2692 stultosl
613 2639 714 2693 omnia
735 2617 895 2706 contraria,
910 2636 984 2707 quos
1006 2639 1100 2693 etiam

208 2741 328 2797 insanos
343 2760 409 2798 esse
424 2742 524 2800 vultis.
569 2744 658 2803 Haec
672 2738 819 2816 παράδοξα
832 2744 887 2815 illi,
903 2763 957 2801 nos
971 2743 1100 2802 admira-

208 2846 280 2904 bilia
308 2847 451 2907 dicamus.
502 2849 586 2922 Quid
614 2859 718 2910 autem
748 2853 865 2910 habent
892 2851 1100 2911 admirationis

207 2975 277 3012 cum
291 2975 385 3029 prope
399 2960 580 3018 accesseris?
601 2959 763 3019 Conferam
773 2970 877 3019 tecum
888 2981 978 3032 quam
990 2965 1099 3032 cuique

461 3114 575 3166 ²stultos
586 3116 706 3168 inserted
717 3118 754 3183 by
766 3120 840 3170 Mdv.

291 3203 351 3255 380
