2332 3698
400 213 550 272 CICERO
574 213 631 270 DE
654 211 823 270 FlNlBUS

163 337 239 393 nihil
254 336 426 394 desiderare
441 355 564 392 manum
579 356 648 392 cum
662 339 706 392 ita
721 341 802 391 esset
815 332 933 401 affecta,
948 350 1056 388 secun-

163 432 236 490 dum
264 452 326 489 non
354 439 448 500 recte,
478 435 503 488 si
531 430 669 502 voluptas
699 437 781 488 esset
810 430 933 498 bonum,
963 426 1055 485 fuisse

163 527 410 585 desideraturam.
456 526 573 584 Idcirco
593 531 675 584 enim
695 546 757 583 non
777 524 966 583 desideraret
985 527 1056 594 quia

163 623 244 693 quod
259 623 363 680 dolore
379 631 461 680 caret
476 623 508 681 id
522 627 553 679 in
568 623 726 694 voluptate
743 628 797 679 est.

102 725 141 776 40
204 717 275 774 XII.
300 704 319 730 “
329 719 509 776 Extremum
519 726 623 776 autem
635 737 700 776 esse
709 719 857 775 bonorum
865 716 1055 786 voluptatem

164 834 201 871 ex
221 815 279 871 hoc
302 815 445 872 facillime
462 818 592 887 perspici
611 821 729 886 potest:
752 813 979 870 Constituamus
1000 810 1056 867 ali·

163 930 255 980 quem
273 915 401 982 magnis,
415 910 529 982 multis
549 914 706 983 perpetuis
726 910 881 966 fruentem
902 916 934 965 et
954 909 1056 963 animo

163 1014 196 1063 et
210 1026 334 1078 corpore
345 1006 560 1078 voluptatibus,
572 1006 657 1063 nullo
672 1005 776 1063 dolore
792 1024 850 1061 nec
865 1003 1055 1075 impediente

163 1122 220 1159 ηερ
232 1102 447 1173 impendente;
468 1122 558 1173 quem
571 1102 697 1159 tandem
707 1102 765 1158 hoc
777 1108 858 1158 statu
867 1098 1056 1172 praestabili-

164 1218 247 1255 orem
261 1206 315 1256 aut
331 1203 427 1269 magis
445 1199 652 1270 expetendum
671 1201 819 1269 possimus
839 1196 960 1253 dicere?
1004 1193 1056 1250 Ιη-

164 1314 229 1352 esse
253 1299 335 1352 enim
354 1315 479 1352 necesse
500 1299 598 1352 estin
622 1315 658 1352 eo
681 1298 734 1364 qui
756 1297 800 1350 ita
819 1297 859 1350 sit
877 1291 1002 1349 affectus
1023 1298 1056 1348 et

163 1389 338 1447 firmitatem
352 1395 445 1447 animi
460 1411 517 1447 ηερ
537 1397 667 1447 mortem
682 1409 739 1446 ηερ
755 1389 891 1446 dolorem
906 1391 1054 1456 timentiS,

162 1485 245 1557 quod
259 1505 339 1542 mors
354 1505 444 1542 sensu
459 1493 570 1556 careat,
581 1485 667 1543 dolor
681 1489 713 1542 in
728 1485 953 1556 longinquitate
968 1482 1053 1552 levis,

163 1586 194 1638 in
208 1585 358 1651 gravitate
374 1582 473 1638 brevis
488 1582 584 1639 soleat
598 1601 674 1651 esse,
685 1589 721 1639 ut
733 1586 797 1638 eius
806 1579 1055 1650 'magnitudinem

101 1684 136 1734 41
162 1677 311 1746 celeritaS,
327 1676 560 1734 diuturnitatem
574 1677 715 1735 allevatio
730 1676 909 1735 consoletur.
955 1675 1002 1732 Ad
1019 1695 1055 1731 ea

163 1794 231 1830 cum
250 1774 370 1830 accedit
389 1781 424 1830 ut
444 1794 544 1845 neque
564 1774 700 1831 divinum
720 1793 834 1831 numen
854 1773 976 1829 horreat
997 1791 1054 1827 ηερ

162 1874 342 1941 praeteritas
371 1871 544 1942 voluptates
573 1870 693 1927 effluere
722 1873 855 1942 patiatur
891 1887 1054 1938 earumque

162 1965 281 2023 assidua
309 1965 518 2023 recordatione
547 1966 690 2035 laetetur,
712 1961 790 2036 ⁴quid
816 1973 863 2022 est
888 1964 969 2034 quod
993 1963 1053 2021 huc

161 2064 265 2132 possit,
281 2081 342 2132 quo
356 2061 464 2119 melius
480 2050 543 2131 sit,1
557 2061 721 2119 accedere?
759 2062 867 2120 Statue
879 2068 985 2117 contra
999 2059 1053 2116 ali-

116 2224 117 2229 *
162 2177 253 2227 quem
274 2157 448 2215 confectum
467 2162 562 2216 tantis
581 2162 674 2214 animi
692 2161 883 2229 corporisque
901 2156 1053 2213 doloribus

162 2257 271 2323 quanti
285 2256 317 2308 in
327 2253 482 2309 hominem
496 2257 620 2310 maximi
635 2252 743 2310 cadere
752 2258 890 2323 possunt,
904 2250 988 2308 nulla
999 2271 1053 2322 spe

161 2351 315 2419 proposita
343 2348 408 2405 fore
444 2349 539 2406 levius
574 2348 746 2419 aliquando,
782 2346 866 2404 nulla
895 2355 1054 2418 praeterea

162 2462 262 2514 neque
283 2448 437 2515 praesenti
459 2464 516 2502 nec
538 2452 714 2516 exspectata
735 2443 908 2515 voluptate3
928 2442 1001 2513 quid
1017 2462 1053 2500 eo

161 2543 298 2597 miserius
308 2540 367 2597 dici
376 2547 430 2597 aut
438 2539 511 2611 fingi
525 2541 646 2612 potest?
689 2539 780 2610 Quod
792 2543 817 2596 si
828 2543 890 2594 vita
901 2538 1053 2596 doloribus

161 2634 275 2692 referta
303 2641 433 2693 maxime
469 2635 615 2707 fugienda
644 2642 700 2704 est,
730 2654 880 2691 summum
915 2634 1053 2705 profecto

160 2731 274 2788 malum
289 2740 336 2790 est
344 2737 446 2790 vivere
461 2752 530 2789 cum
541 2731 661 2799 dolore3
683 2735 731 2787 cui
743 2735 914 2788 sententiae
927 2750 1053 2787 consen-

160 2834 286 2884 taneum
310 2836 357 2886 est
380 2828 522 2886 ultimum
546 2846 612 2885 esse
636 2827 784 2884 bonorum
804 2847 872 2884 cum
896 2826 1052 2896 voluptate

160 2925 269 2980 vivere.
316 2924 382 2981 Nec
397 2926 479 2980 enim
494 2921 588 2979 habet
602 2929 705 2979 nostra
719 2941 805 2979 mens
821 2922 986 2993 quidquam
1000 2922 1053 2978 ubi

197 3099 261 3165 'quo
274 3101 369 3150 melius
379 3100 418 3149 sit
428 3099 527 3148 Miiller
534 3116 541 3158 3
559 3101 630 3164 quod
639 3101 735 3149 melius
745 3101 784 3150 sit
792 3100 865 3150 Mdv.
878 3101 942 3149 with
954 3100 1031 3150 MSS.

244 3185 283 3234 44
