2332 3698
423 200 574 259 CICERO
596 201 654 258 DE
677 200 846 260 FlNlBUS

189 328 322 398 inquam,
340 310 505 395 “pertinax
520 343 581 380 non
598 343 649 380 ero
664 325 791 395 tibique,
809 328 833 381 si
848 323 923 380 milri
938 325 1080 395 probabis

106 433 144 492 29
188 447 310 498 eaquae
322 427 414 495 dices,
424 426 557 483 libenter
565 426 740 482 assentiar.'’
765 413 784 438 “
796 426 959 496 P1·0babo,”
971 430 1080 496 inquit,

188 515 306 585 “modo
329 533 387 585 ista
409 532 448 584 sis
471 531 625 597 aequitate
649 547 739 598 quam
762 527 905 585 ostendis
950 527 1012 586 Sed
1034 531 1081 586 uti

187 633 324 686 oratione
335 637 483 701 perpetua
493 628 573 686 malo
588 648 678 699 quam
689 633 876 700 interrogare
888 636 941 686 aut
952 633 1080 687 interro-

187 731 281 800 gari.''
298 716 373 788 “Ut
386 725 517 802 placet,‘’'
532 734 663 800 inquam.
688 730 765 787 Tum
778 731 879 788 dicere
891 750 1014 787 exorsus
1023 737 1077 788 est.

231 830 283 889 IX.
308 817 470 889 “Primum
491 832 614 902 igitur,''
637 835 746 902 inquit,
769 817 836 888 “sic
858 851 946 901 agam
967 840 1003 888 ut
1024 835 1080 902 ipsi

188 938 303 991 auctori
320 933 409 992 huius
427 934 605 1004 disciplinae
623 933 739 1004 placet:
762 937 944 990 constituam
959 933 1033 1003 quid
1048 935 1081 991 et

188 1035 276 1106 quale
291 1040 331 1094 sit
345 1036 377 1093 id
391 1037 430 1094 de
446 1056 505 1106 quo
519 1040 700 1106 quaerimus,
716 1054 778 1090 non
795 1054 855 1104 quo
872 1038 1011 1104 ignorare
1029 1055 1081 1092 vos

187 1138 325 1209 arbitrer,
337 1138 392 1196 sed
401 1145 435 1195 ut
445 1141 561 1195 ratione
572 1144 604 1194 et
614 1142 661 1193 via
671 1136 816 1208 procedat
826 1140 928 1193 oratio.
954 1136 1080 1207 Quaeri·

188 1259 254 1297 mus
274 1243 368 1310 igitur
384 1239 458 1310 quid
473 1244 512 1296 sit
527 1246 698 1296 extremum
713 1245 746 1295 et
760 1236 903 1295 ultimum
923 1239 1080 1309 bonorum,

188 1340 269 1411 quod
279 1338 668 1410 omniumphilosophorum
677 1343 831 1396 sententia
840 1339 901 1396 tale
911 1338 1006 1396 debet
1015 1359 1081 1397 esse

189 1448 224 1498 ut
232 1441 271 1498 ad
280 1440 312 1499 id
321 1445 421 1498 omnia
430 1441 536 1497 referri
545 1447 694 1510 oporteat,
703 1445 801 1511 ipsum
810 1447 914 1497 autem
923 1460 1080 1510 nusquam.

151 1592 154 1600 .
192 1543 259 1599 Hoc
288 1543 435 1614 Epicurus
463 1547 495 1599 in
521 1541 677 1612 voluptate
702 1546 798 1614 ponit,
824 1542 906 1612 quod
931 1562 1082 1599 summum

190 1644 303 1700 bonum
315 1663 380 1702 esse
391 1644 457 1701 vult
468 1663 680 1714 summumque
691 1644 805 1700 malum
816 1643 967 1711 dolorem;
988 1643 1081 1714 idque

129 1750 167 1801 30
190 1749 324 1803 instituit
334 1746 443 1803 docere
456 1750 513 1803 sic:
536 1745 637 1803 Omne
648 1745 760 1802 animal
771 1744 860 1802 simul
871 1752 963 1815 atque
975 1753 1083 1802 natum

190 1852 230 1905 sit
253 1847 441 1918 voluptatem
463 1856 609 1919 appetere
634 1867 729 1918 eaque
751 1847 885 1917 gaudere
908 1854 943 1903 ut
964 1866 1083 1904 summo

190 1949 279 2018 bono,
292 1948 428 2006 dolorem
443 1953 596 2020 aspernari
611 1957 646 2006 ut
657 1968 808 2005 summum
819 1947 932 2004 malum
944 1955 976 2005 et
986 1967 1082 2018 quan-

193 2057 257 2106 tum
271 2054 366 2131 possit
379 2071 397 2106 a
412 2070 443 2107 se
459 2048 624 2120 repellere3
645 2050 737 2120 idque
758 2050 857 2107 facere
877 2049 1013 2106 nondum
1028 2049 1082 2106 de-

191 2159 356 2222 pravatum,
372 2157 436 2223 ipsa
450 2159 558 2209 natura
573 2156 747 2223 incorrupte
762 2158 854 2223 atque
869 2155 989 2221 integre
1004 2150 1082 2208 iudi-

189 2260 287 2309 cante.
344 2253 451 2323 ltaque
487 2261 581 2324 negat
617 2274 691 2324 opus
727 2273 793 2310 esse
828 2256 954 2313 ratione¹
980 2271 1082 2322 neque

190 2353 396 2423 disputatione
426 2355 621 2424 quamobrem
650 2353 788 2425 voluptas
824 2354 1006 2424 expetenda,
1035 2353 1082 2410 fu-

189 2454 319 2524 giendus
345 2454 431 2512 dolor
455 2460 503 2512 sit.
548 2456 661 2514 Sentiri
686 2446 779 2513 haec¹
799 2463 897 2526 putat,
923 2462 958 2512 ut
982 2453 1081 2511 calere

190 2560 303 2627 ignem,
319 2560 420 2614 nivem
443 2577 508 2614 esse
529 2556 639 2627 albam,
657 2556 718 2614 mel
741 2555 840 2626 dulce,
856 2575 984 2626 quorum
1004 2554 1082 2612 nihil

189 2664 329 2728 oportere
359 2663 515 2728 exquisitis
551 2659 717 2715 rationibus
746 2657 931 2727 confirmare,
960 2663 1081 2713 tantum

190 2763 261 2816 satis
277 2779 342 2816 esse
357 2760 528 2817 admonere.
553 2747 720 2828 (Interesse
736 2762 817 2815 enim
829 2762 910 2815 inter
920 2777 1081 2827 argumen-

193 2867 255 2917 tum
277 2861 562 2931 conclusionemque
584 2864 708 2917 rationis
733 2867 766 2916 et
790 2864 871 2916 inter
896 2859 1081 2916 mediocrem
1126 2875 1128 2880 ·

190 2962 480 3020 animadversionem
489 2970 581 3033 atque
590 2961 844 3019 admonitionem:
859 2960 954 3018 altera
963 2959 1082 3017 occulta

357 3087 437 3137 1Ιιιιιέ
447 3089 484 3145 Α;
496 3087 544 3136 hoc
555 3087 628 3138 Mdv.
643 3088 706 3137 with
718 3088 797 3136 other
809 3087 887 3136 MSS.

274 3171 311 3221 3⁶2
