2332 3698
456 217 606 276 crcuao
630 201 688 275 nu
711 213 879 276 ominus

219 339 386 397 conflixisse
400 340 486 410 apud
496 340 634 396 Veserim
648 348 773 411 propter
788 339 983 411 voluptatem.
1021 337 1114 410 Quod

219 461 291 499 vero
312 444 409 498 securi
429 431 589 510 percussit1
609 442 714 512 filium,
729 445 891 512 privavisse
911 460 943 499 se
961 444 1055 499 etiam
1069 445 1112 498 vi·

219 542 310 599 detur
319 540 423 599 multis
434 540 649 614 voluptatibus,
661 563 730 599 cum
741 547 798 614 ipsi
812 550 938 600 naturae
953 545 1112 615 patrioque

218 647 311 700 amori
326 642 506 713 praetulerit
519 647 565 701 ius
580 648 746 702 maiestatis
761 652 853 714 atque
869 647 984 715 imperi.

261 730 386 815 “Quid?
399 733 448 802 T.2
457 745 636 817 Torquatus,
643 751 668 803 is
674 750 726 816 qui
733 745 837 804 consul
843 766 912 803 cum
919 746 972 804 Cn.
982 746 1111 804 Octavio

217 845 285 916 fuit,
297 867 366 904 cum
382 846 464 904 iliam
479 852 674 906 severitatem
689 852 721 904 in
736 867 772 905 eo
790 847 848 905 filio
863 848 1003 906 adhibuit
1017 868 1110 919 quem

216 951 248 1004 in
271 949 468 1020 adoptionem
498 948 534 1006 D.
560 948 662 1007 Silano
688 953 941 1021 emancipaverat,
964 956 1000 1007 ut
1029 970 1110 1021 eum,

217 1049 420 1109 Macedonum
434 1051 544 1121 legatis
554 1053 765 1109 accusantibus
775 1052 857 1123 quod
869 1055 1012 1122 pecunias
1023 1071 1110 1123 prae·

215 1158 313 1209 torem
328 1156 360 1209 in
374 1157 527 1224 provincia
538 1157 653 1224 cepisse
664 1128 838 1224 arguerent,
850 1173 970 1211 causam
980 1154 1062 1225 apud
1077 1174 1110 1212 se

216 1252 319 1311 dicere
340 1255 471 1326 iuberet,
486 1275 579 1326 reque
600 1275 638 1312 ex
657 1263 786 1326 utraque
806 1262 894 1326 parte
915 1254 1019 1312 audita
1039 1275 1109 1327 pro-

214 1360 371 1413 nuntiaret
394 1376 464 1413 eum
489 1375 552 1413 non
577 1356 670 1414 talem
692 1355 788 1413 videri
811 1355 903 1413 fuisse
925 1359 958 1412 in
981 1359 1110 1427 imperio

214 1456 318 1527 quales
333 1462 398 1516 eius
413 1462 540 1515 maiores
555 1457 694 1529 fuissent,
710 1466 743 1516 et
761 1463 793 1515 in
808 1465 1005 1529 conspectum
1021 1478 1109 1516 suum

214 1563 318 1617 venire
334 1564 443 1630 vetuit,
458 1560 606 1630 numquid
628 1561 684 1617 tibi
699 1560 820 1618 videtur
842 1560 881 1617 de
901 1559 1108 1630 voluptatibus

212 1664 273 1718 suis
293 1662 489 1731 cogitavisse?
526 1661 587 1720 Sed
608 1669 644 1719 ut
662 1665 801 1719 omittam
820 1660 964 1733 pericula,
979 1660 1108 1733 labores,

212 1762 349 1820 dolorem
364 1767 455 1820 etiam
471 1783 563 1834 quem
582 1768 714 1835 optimus
734 1768 861 1835 quisque
882 1783 937 1834 pro
956 1767 1054 1834 patria
1074 1772 1108 1822 et

212 1884 266 1936 pro
291 1869 352 1922 suis
375 1870 509 1936 suscipit,
530 1874 565 1924 ut
588 1886 650 1923 non
672 1865 762 1923 modo
785 1865 899 1922 nullam
924 1872 1028 1937 captet
1051 1865 1106 1923 sed

211 1970 305 2023 etiam
325 1974 499 2037 praetereat
521 1986 626 2024 omnes
641 1965 822 2038 voluptates,
838 1966 957 2024 dolores
971 1965 1105 2037 denique

211 2070 330 2138 quosvis
352 2071 504 2139 suscipere
530 2067 617 2124 malit
638 2088 729 2138 quam
750 2068 891 2126 deserere
913 2068 1006 2125 ullam
1027 2068 1105 2125 offici

210 2177 342 2240 partem;
354 2169 394 2227 ad
415 2189 451 2228 ea
465 2189 543 2241 quae
558 2169 616 2228 hoc
630 2189 692 2226 non
707 2173 806 2227 minus
821 2169 978 2227 declarant
992 2169 1047 2227 sed
1061 2173 1105 2227 vi-

210 2270 322 2328 dentur
336 2270 448 2328 leviora
462 2276 624 2329 veniamus
669 2270 752 2341 Quid
771 2272 837 2342 tibi,
852 2271 1015 2341 Torquate,
1030 2271 1104 2341 quid

209 2371 280 2429 huic
289 2372 403 2429 Triario
411 2371 543 2443 litterae,
552 2372 626 2443 quid
634 2372 776 2430 historiae
788 2376 982 2444 cognitioque
991 2392 1103 2445 rerum,

209 2473 283 2544 quid
303 2481 462 2546 poetarum
476 2474 618 2544 evolutio,
634 2474 707 2545 quid
721 2481 808 2532 tanta
821 2481 869 2532 tot
883 2493 1024 2531 versuum
1038 2494 1101 2532 me·

208 2579 302 2632 moria
311 2574 475 2647 voluptatis
486 2574 591 2633 affert?
614 2575 680 2633 Nec
691 2575 766 2633 mihi
781 2575 857 2633 illud
871 2575 998 2632 dixeris:
1014 2575 1102 2634 Haec

208 2681 290 2734 enim
304 2681 369 2748 ipsa
383 2677 458 2734 mihi
472 2684 544 2734 sunt
555 2677 713 2748 voluptati,
723 2685 756 2735 et
770 2684 858 2735 erant
868 2677 920 2734 illa
931 2677 1099 2747 Torquatis.

208 2778 384 2849 Numquam
405 2778 464 2836 hoc
480 2783 524 2836 ita
543 2779 685 2837 defendit
706 2779 853 2851 Epicurus
867 2798 968 2850 neque
985 2781 1100 2838 Metro-

207 2878 297 2937 dorus
319 2887 373 2937 aut
391 2884 549 2951 quisquam
571 2901 676 2939 eorum
697 2885 749 2950 qui
770 2888 823 2938 aut
844 2888 965 2952 saperet
985 2879 1100 2951 aliquid

339 3031 345 3058 ¹
350 3032 485 3095 percussit
496 3031 584 3090 Mdv.;
593 3033 755 3096 percusserit
766 3031 845 3105 MSS.

337 3095 387 3146 2Τ.
401 3096 462 3146 edd.
476 3097 544 3146 from
559 3098 615 3147 Liv.
629 3098 691 3162 epit.
708 3112 756 3161 543
774 3099 803 3147 L.
821 3097 899 3146 MSS.

289 3173 381 3233 26.
