2332 3698
415 491 457 546 M.
475 489 619 548 runnu
636 488 856 548 cressonis

288 682 457 742 aluisus
475 585 683 741 souonblr
701 681 753 738 ur
769 680 984 739 uasorum

483 777 800 863 Linsnrunrius

156 966 165 1016 l
217 959 240 1017 l.
265 959 462 1031 Voluptatem
486 958 620 1030 quidem,
645 956 749 1027 Brute,
772 961 798 1015 si
819 961 885 1028 ipsa
907 976 962 1028 pro
985 976 1016 1014 se
1042 956 1086 1013 lo-

196 1062 306 1127 quatur
319 1075 377 1113 nec
392 1063 455 1113 tam
469 1059 641 1127 pertinaces
660 1052 773 1111 habeat
791 1061 945 1125 patronos,
964 1073 1087 1111 conces-

197 1171 295 1209 suram
310 1152 448 1220 arbitror,
464 1155 633 1208 convictam
653 1153 806 1221 superiore
825 1149 912 1220 libro,
933 1148 1085 1220 dignitati.

198 1247 322 1305 Etenim
337 1251 377 1305 sit
391 1247 553 1318 impudens
570 1251 595 1305 si
615 1250 720 1303 virtuti
740 1245 854 1304 diutius
868 1253 1022 1318 repugnet
1036 1253 1089 1302 aut

199 1345 224 1399 si
232 1340 368 1399 honestis
378 1340 509 1398 iucunda
518 1339 1090 1412 anteponatautplurisessecontendat

199 1436 395 1496 dulcedinem
409 1441 541 1508 corporis
559 1456 596 1494 ex
614 1456 687 1494 eave
707 1444 810 1494 natam
830 1436 979 1494 laetitiam
999 1456 1090 1507 quam

199 1537 382 1604 gravitatem
402 1537 496 1590 animi
517 1541 610 1604 atque
632 1537 842 1590 constantiam.
888 1531 990 1604 Quare
1007 1532 1090 1590 illam

201 1627 325 1699 quidem
334 1629 523 1687 dimittamus
533 1637 566 1688 et
574 1633 634 1688 suis
644 1648 676 1687 se
687 1629 795 1687 finibus
805 1636 913 1687 tenere
924 1630 1091 1698 iubeamuS,

201 1745 241 1783 ne
256 1724 411 1784 blanditiis
423 1730 487 1784 eius
498 1726 710 1796 illecebrisque
720 1725 906 1796 impediatur
916 1724 1092 1796 disputandi

163 1828 180 1878 2
204 1826 356 1880 severitas,
402 1821 619 1894 Quaerendum
636 1829 683 1879 est
698 1826 780 1880 enim
795 1822 848 1878 ubi
863 1825 903 1879 sit
916 1821 993 1880 illud
1012 1841 1092 1879 sum-

202 1938 286 1976 mum
309 1919 423 1977 bonum
446 1919 527 1990 quod
555 1922 689 1990 reperire
718 1917 866 1989 volumus,
889 1922 1031 1989 quoniam
1061 1925 1093 1975 et

203 2015 340 2085 voluptas
355 2014 394 2071 ab
409 2033 445 2071 eo
460 2022 576 2072 remota
591 2021 638 2072 est
653 2022 685 2072 et
705 2012 814 2072 eadem
833 2013 898 2072 fere
917 2021 1023 2071 contra
1042 2034 1093 2071 eos

203 2109 263 2167 dici
280 2117 407 2181 possunt
424 2115 475 2180 qui
494 2114 677 2167 vacuitatem
696 2109 808 2168 doloris
831 2109 923 2167 finem
946 2111 1093 2168 bonorum

204 2224 270 2262 esse
293 2205 470 2274 voluerunt;
493 2225 550 2263 nec
574 2225 645 2264 vero
669 2206 765 2263 ullum
787 2206 934 2276 probetur
956 2195 1095 2277 oportet¹

204 2320 355 2358 summum
364 2301 477 2358 bonum
487 2302 567 2372 quod
577 2307 689 2360 virtute
702 2308 812 2372 careat,
824 2321 883 2372 qua
895 2301 971 2358 nihil
983 2291 1096 2374 possit²

206 2415 272 2454 esse
287 2401 496 2468 praestantius.

248 2492 356 2564 Itaque
379 2513 560 2564 quamquam
584 2499 615 2550 in
639 2514 676 2552 eo
699 2513 837 2551 sermone
862 2498 913 2565 qui
933 2514 1003 2552 cum
1022 2494 1095 2552 Tor-

206 2596 299 2659 quato
319 2596 366 2646 est
386 2589 507 2647 babitus
526 2610 588 2647 non
612 2594 728 2647 remissi
751 2588 873 2661 fuimus,
894 2598 998 2648 tamen
1020 2590 1095 2648 ha'ec

206 2688 302 2741 acrior
330 2692 377 2742 est
406 2705 474 2742 cum
511 2685 619 2744 Stoicis
648 2693 752 2757 parata
787 2690 953 2745 contentio.
1008 2685 1096 2758 Quae

207 2784 289 2837 enim
325 2779 363 2838 de
400 2781 555 2852 voluptate
585 2781 739 2853 dicuntur,
767 2802 803 2840 ea
834 2802 892 2840 nec
924 2787 1096 2841 acutissime

206 2895 264 2934 nec
292 2876 471 2935 abscondite
496 2876 702 2947 disseruntur3
730 2898 832 2949 neque
858 2882 940 2936 enim
965 2883 1016 2950 qui
1040 2879 1097 2937 de-

244 3023 248 3050 ¹
263 3027 363 3086 oportet
374 3018 485 3079 Mulier}
498 3027 530 3071 ut
539 3024 572 3082 A,
585 3024 615 3082 Β,
628 3025 665 3082 Ε;
677 3026 756 3074 other
769 3025 846 3074 MSS.
858 3025 936 3082 omit;
947 3025 1020 3075 Mdv.
1034 3023 1094 3090 [nil

242 3084 253 3116 2
256 3090 342 3151 possit
354 3089 374 3136 B
387 3088 442 3137 and
454 3088 498 3137 inf.
515 3089 592 3138 MSS.
607 3108 613 3147 ;
622 3096 711 3153 posset
721 3092 753 3151 A,
769 3091 805 3151 E3
813 3096 901 3153 potest
912 3090 984 3140 Mdv.

292 3163 351 3221 ⁶216
