2332 3698
455 248 605 307 CICERO
628 249 686 306 DE
709 249 877 309 FINIBUS

221 375 342 429 suavius
357 389 448 442 quam
463 369 540 426 nihil
559 369 708 429 dolere?''
753 357 878 429 “Immo
892 377 933 431 sit
946 392 1019 432 sane
1034 373 1113 432 nihil

221 469 1112 559 melius,'’inquam‚“(nondumenimidquaer0),numpro-

221 606 328 670 pterea
342 598 426 656 idem
436 598 575 671 voluptas
590 607 638 658 est
649 600 740 671 quod,
752 608 787 659 ut
798 605 842 659 ita
852 600 960 673 dicam,
973 600 1112 661 indolen-

220 712 306 770 tia?'’
351 699 471 771 “Plane
493 713 609 785 idem,’'
626 718 735 786 inquit,
751 701 810 773 “et
828 719 959 773 maxima
978 714 1113 788 quidem,

221 848 280 899 qua
289 828 354 886 fieri
362 828 447 887 nulla
456 832 550 885 maior
558 828 691 900 potest.’'
736 815 845 902 “Quid
857 829 977 888 dubitas
988 831 1111 902 igitur,''

220 945 354 1014 inquam,
364 928 507 1000 “summo
518 944 598 1000 bono
609 963 627 1000 a
637 951 671 1000 te
681 946 725 1001 ita
736 948 903 1002 constituto
917 951 952 1002 ut
966 944 998 1002 id
1012 952 1114 1003 totum

221 1059 253 1113 in
276 1076 338 1114 non
361 1056 494 1116 dolendo
522 1061 571 1127 sit,
593 1057 625 1114 id
653 1064 760 1115 tenere
783 1077 888 1129 unum,
911 1057 944 1115 id
968 1062 1058 1128 tueri,
1082 1057 1114 1116 id

164 1177 199 1228 12
222 1171 408 1230 defendere?
461 1170 544 1244 Quid
581 1175 664 1229 enim
701 1191 825 1230 necesse
863 1179 920 1243 est,
951 1180 1115 1244 ¹tamquam

222 1290 415 1344 meretricem
437 1289 469 1342 in
490 1293 696 1342 matronarum
716 1293 848 1356 coetum,
868 1289 910 1343 sic
924 1286 1115 1358 voluptatem

221 1401 253 1453 in
268 1401 416 1455 virtutum
431 1396 592 1454 concilium
603 1396 773 1455 adducere?
804 1397 990 1455 Invidiosum
1001 1417 1115 1457 nomen

221 1519 278 1581 est,
293 1509 418 1580 infame,
433 1517 616 1580 suspectum.
663 1508 771 1581 Itaque
789 1511 847 1568 hoc
861 1511 1039 1582 frequenter
1053 1511 1115 1570 dici

221 1624 300 1682 solet
310 1645 328 1681 a
337 1625 431 1696 vobis,
440 1643 502 1681 non
512 1623 695 1694 intellegere
704 1644 759 1683 nos
768 1645 860 1697 quam
868 1625 951 1684 dicat
966 1625 1115 1697 Epicurus

221 1739 418 1811 voluptatem.
465 1737 556 1811 Quod
578 1739 702 1810 quidem
722 1738 798 1796 mihi
817 1743 842 1797 si
860 1739 982 1811 quando
996 1739 1114 1798 dictum

222 1862 270 1913 est
289 1842 351 1924 (est
370 1862 474 1913 autem
490 1853 607 1912 dietum
622 1874 684 1911 non
704 1874 810 1925 parum
830 1842 946 1926 saepe),
961 1857 1020 1913 etsi
1040 1857 1114 1913 satis

221 1968 356 2026 clemens
379 1987 445 2025 sum
468 1951 501 2024 in
524 1967 718 2038 disputando,
733 1975 838 2026 tamen
855 1967 1010 2026 interdum
1028 1967 1114 2027 'soleo

222 2084 373 2140 subirasci.
418 2081 525 2152 Egone
560 2101 623 2138 non
654 2081 813 2153 intellego,
848 2082 921 2154 quid
955 2085 994 2140 sit
1025 2081 1112 2155 ἡδονή

221 2198 348 2266 Graece,
365 2195 474 2254 Latine
496 2180 684 2266 ‘voluptas’i
706 2202 807 2252 utram
828 2195 955 2254 tandem
976 2194 1113 2267 linguam

220 2305 341 2363 nescio?
384 2302 505 2362 Deinde
536 2307 588 2374 qui
619 2303 662 2374 lit,
693 2310 729 2361 ut
758 2321 817 2372 ego
842 2308 985 2374 nesciam,
1015 2308 1113 2365 sciant

221 2432 326 2472 omnes
347 2415 530 2483 quicumque
552 2411 695 2483 Epicurei
717 2429 783 2469 esse
805 2411 977 2469 voluerint?
1020 2411 1112 2485 Quod

188 2581 192 2588 ,
219 2527 312 2582 vestri
327 2522 451 2594 quidem
466 2521 514 2580 vel
535 2524 651 2592 optime
671 2520 841 2592 disputant,
856 2521 933 2578 nihil
953 2540 1028 2593 opus
1045 2542 1112 2583 esse

137 2711 140 2720 ,
220 2651 290 2690 eum
302 2635 353 2703 qui
368 2630 487 2689 futurus
499 2633 539 2687 sit
553 2627 750 2700 philosophus
761 2632 837 2687 scire
851 2629 977 2687 litteras
1003 2627 1112 2704 Itaque

219 2747 254 2798 ut
268 2743 396 2796 maiores
410 2741 506 2796 nostri
521 2737 559 2793 ab
570 2742 669 2792 aratro
679 2725 886 2795 adduxeruntl
897 2738 1112 2801 Cincinnatum

218 2847 305 2906 illum
330 2854 366 2905 ut
392 2846 523 2903 dictator
547 2851 637 2914 esset,
661 2847 703 2902 sic
724 2863 776 2903 vos
801 2845 840 2903 de
863 2838 949 2917 pagis
971 2850 1112 2909 omnibus

219 2955 361 3027 colligitis
375 2955 470 3011 bonos
480 2951 547 3010 illos
558 2952 682 3022 quidem
696 2956 774 3011 viros
789 2952 843 3011 sed
858 2961 941 3012 certe
960 2974 1022 3012 non
1042 2975 1111 3027 per·

332 3132 541 3180 ¹adduxerunl:
554 3146 629 3180 some
642 3130 688 3180 inf.
704 3130 782 3180 MSS.
798 3122 976 3180 abduxerunt.

302 3217 342 3277 90
