2332 3698
458 213 609 273 CICERO
632 215 690 272 DE
711 214 880 273 FINIBUS

163 340 202 398 87
224 355 330 394 omnes
351 355 461 394 sumus.
507 335 577 393 Hoc
599 335 674 394 mihi
692 355 761 393 cum
780 343 835 393 tuo
851 335 946 393 fratre
966 339 1116 394 convenit.

223 443 325 516 Quare
346 443 405 501 hoc
426 443 593 502 videndum
614 451 673 516 est,
694 448 830 516 possitne
851 445 939 502 nobis
961 443 1021 502 hoc
1042 448 1116 502 ratio

221 552 469 625 philosophorum
490 552 571 612 dare.
616 553 782 612 Pollicetur
805 560 898 611 certe.
945 553 1011 610 Nisi
1035 556 1116 611 enim

221 661 254 719 id
264 660 390 733 faceret,
401 681 454 719 cur
466 661 553 719 Plato
564 661 742 734 Aegyptum
753 665 926 734 peragravit
938 669 975 720 ut
988 682 1007 718 a
1021 681 1116 720 sacer-

221 770 343 829 dotibus
357 771 490 828 barbaris
504 789 646 829 numeros
661 778 693 828 et
712 769 855 829 caelestia
869 771 1047 842 acciperet?
1066 790 1118 828 cur

221 887 291 953 post
305 879 472 938 Tarentum
485 878 525 937 ad
539 878 727 951 Archytam?
741 899 795 937 cur
805 878 844 937 ad
855 879 988 951 reliquos
1003 878 1115 952 Pytha·

221 1008 339 1062 goreos,
355 987 566 1060 Echecratem,
581 988 749 1060 Timaeum,
762 988 909 1046 Arionem
929 987 1052 1058 Locros
1069 995 1116 1059 ut,

221 1117 291 1155 cum
312 1097 469 1155 Socratem
491 1101 699 1168 expressisset,
721 1095 905 1168 adiungeret
928 1096 1116 1168 Pythagore-

221 1226 307 1265 orum
331 1205 522 1278 disciplinam
546 1225 642 1277 eaque
665 1225 743 1277 quae
770 1205 909 1264 Socrates
934 1206 1116 1277 repudiabat

221 1315 416 1374 addisceret?
430 1334 485 1372 cur
495 1319 560 1387 ipse
576 1313 763 1386 Pythagoras
775 1322 808 1373 et
817 1313 996 1386 Aegyptum
1007 1314 1116 1375 lustra·

221 1428 266 1482 vit
286 1431 320 1482 et
342 1423 501 1481 Persarum
521 1443 626 1494 magos
647 1423 744 1480 adiit?
773 1442 827 1480 cur
847 1430 949 1481 tantas
974 1427 1115 1494 regiones

221 1532 416 1589 barbarorum
431 1529 560 1602 pedibus
575 1531 661 1601 obiit,
676 1538 724 1588 tot
737 1535 831 1588 maria
851 1534 1040 1589 transmisit?
1063 1552 1115 1591 cur

221 1639 297 1697 haec
313 1639 421 1697 eadem
437 1639 652 1697 Democritus?
667 1642 719 1711 qui
734 1626 818 1708 (vere
830 1638 957 1711 falsone‚
968 1659 1114 1711 quaerere

220 1735 393 1818 nolumus¹)
414 1747 525 1806 dicitur
539 1767 571 1806 se
586 1746 680 1806 oculis
695 1752 845 1819 privasse;
867 1755 961 1820 certe,
972 1756 1010 1807 ut
1023 1770 1113 1822 quam

219 1861 346 1916 minime
364 1862 482 1915 animus
500 1877 519 1913 a
538 1857 773 1927 cogitationibus
791 1856 1005 1928 abduceretur,
1019 1862 1112 1929 patri·

219 1969 356 2024 monium
391 1964 539 2037 neglexit,
574 1984 661 2036 agros
698 1963 833 2022 deseruit
868 1963 1010 2035 incultos,
1039 1965 1112 2036 quid

220 2093 369 2146 quaerens
383 2073 465 2132 aliud
479 2077 537 2131 nisi
558 2077 652 2131 vitam
671 2074 815 2131 beatam?
858 2072 959 2144 Quam
978 2077 1003 2131 si
1018 2079 1112 2132 etiam

219 2188 251 2241 in
267 2203 368 2240 rerum
382 2186 557 2252 cognitione
572 2183 716 2254 ponebat,
732 2189 837 2239 tamen
857 2201 895 2238 ex
914 2181 967 2238 illa
986 2186 1110 2242 investi·

218 2288 343 2355 gatione
352 2292 478 2341 naturae
487 2288 631 2355 consequi
640 2282 762 2341 volebat
771 2284 851 2341 bono
859 2289 895 2340 ut
904 2290 985 2341 esset
993 2288 1110 2350 animm

219 2384 252 2443 id
277 2388 360 2442 enim
388 2384 440 2442 ille
470 2404 621 2442 summum
649 2385 763 2441 bonum
792 2381 931 2455 εὐθυμίαν
958 2391 992 2442 et
1019 2404 1110 2459 saepe

220 2484 373 2558 ἀθαμβίαν
393 2486 538 2558 appellat,
553 2486 585 2544 id
606 2493 654 2544 est
675 2490 811 2543 animum
832 2493 948 2544 terrore
970 2486 1107 2547 liberum.

159 2594 196 2646 88
220 2587 282 2647 Sed
301 2588 377 2646 haec
397 2591 454 2646 etsi
474 2587 638 2660 praeclare,
659 2587 796 2645 nondum
815 2595 920 2645 tamen
942 2589 1109 2660 perpolita;

218 2710 314 2762 pauca
340 2694 433 2760 enim,
456 2709 557 2761 neque
580 2709 616 2746 ea
644 2692 709 2760 ipsa
730 2688 902 2760 enucleate,
925 2690 963 2747 ab
988 2689 1047 2747 hoc
1069 2692 1109 2750 de

218 2795 332 2850 virtute
346 2791 472 2863 quidem
486 2789 576 2848 dicta.
623 2790 694 2848 Post
715 2794 797 2847 enim
816 2789 893 2848 haec
912 2794 944 2847 in
962 2790 1019 2848 hac
1033 2794 1108 2852 urbe

218 2897 348 2964 primum
373 2913 391 2950 a
414 2892 538 2950 Socrate
562 2896 666 2964 quaeri
689 2899 807 2963 coepta,
832 2891 944 2950 deinde
970 2896 1002 2949 in
1027 2894 1109 2953 hunc

217 2994 318 3052 locum
339 2993 442 3052 delata
463 3001 545 3064 sunt,
564 3013 622 3052 nec
645 2994 821 3070 dubitatum
843 2997 917 3065 quin
941 2998 974 3050 in
996 2999 1110 3056 virtute

349 3090 492 3155 'quaerere
503 3091 628 3139 nolumus
644 3091 757 3150 Miiller3
774 3106 970 3155 quaereremus.
1041 3123 1050 3143 0

301 3172 362 3233 490
