2332 3698
435 220 585 280 CICERO
608 220 665 279 DE
688 220 856 280 FINIBUS

200 340 275 398 velit
289 360 351 398 non
365 331 528 413 audiatur),
544 351 648 401 tamen
663 363 704 402 ne
719 343 793 415 quid
812 345 1093 415 praetermittamus

139 441 176 492 28
199 440 332 494 rationes
346 457 467 508 quoque
482 459 534 495 cur
548 439 605 496 hoc
619 444 662 497 ita
676 444 716 498 sit
729 439 897 497 afferendas
911 445 994 510 puto.
1025 435 1093 493 Etsi

201 532 252 598 qui
271 536 375 599 potest
394 530 535 601 intellegi
553 539 608 588 aut
621 535 748 602 cogitari
763 551 829 589 esse
843 529 967 601 aliquod
980 526 1092 585 animal

200 623 281 694 quod
291 644 323 681 se
333 626 450 682 oderit?
468 627 526 684 Res
536 631 618 684 enim
627 634 809 684 concurrent
819 629 995 683 contrariae.
1012 623 1092 680 Nam

200 739 269 777 cum
280 725 436 792 appetitus
447 722 499 780 ille
510 727 603 780 animi
614 723 727 794 aliquid
737 722 775 780 ad
785 743 817 781 se
826 721 948 780 trahere
957 722 1093 790 coeperit

201 815 340 874 consulto
355 818 436 888 quod
451 820 508 876 sibi
525 819 615 889 obsit,
630 823 700 890 quia
720 823 759 876 sit
778 818 836 876 sibi
856 821 1007 880 inimicus,
1022 834 1092 872 cum

200 910 233 969 id
247 931 300 969 sua
315 933 403 971 causa
415 913 516 985 faciet,
526 923 558 971 et
573 914 673 972 oderit
684 935 716 972 se
731 922 765 972 et
779 913 867 971 simul
882 911 1001 983 diliget,
1011 909 1093 981 quod

201 1006 265 1064 fieri
286 1028 348 1066 non
370 1018 480 1081 potest.
525 1011 720 1080 Necesseque
742 1018 790 1067 est
811 1014 836 1067 si
859 1012 926 1080 quis
949 1012 1014 1078 ipse
1037 1006 1093 1063 sibi

200 1107 340 1163 inimicus
355 1114 402 1164 est
417 1127 487 1165 eum
502 1127 580 1178 quae
595 1108 675 1164 bona
689 1113 761 1164 sunt
780 1105 859 1162 mala
879 1111 999 1176 putare,
1014 1103 1094 1160 bona

202 1213 307 1261 contra
322 1225 399 1276 quae
413 1207 503 1279 mala,
517 1215 550 1266 et
564 1227 642 1278 quae
655 1206 829 1278 appetenda
846 1204 954 1274 fugere
968 1211 1002 1260 et
1015 1221 1093 1273 quae

202 1299 349 1370 fugienda
359 1312 505 1375 appetere
517 1324 524 1372 ;
546 1324 624 1374 quae
636 1308 701 1361 sine
713 1302 805 1360 dubio
816 1304 897 1358 vitae
909 1307 957 1358 est
968 1303 1091 1358 eversio.

203 1396 312 1467 Neque
327 1404 419 1469 enim,
434 1405 459 1457 si
473 1400 613 1457 nonnulli
624 1403 818 1471 reperiuntur
833 1401 885 1468 qui
900 1402 954 1453 aut
968 1394 1094 1466 laqueos

202 1499 255 1548 aut
275 1491 333 1549 alia
352 1499 445 1552 exitia
464 1503 622 1566 quaerant,
637 1485 708 1554 autl
729 1494 781 1552 ille
801 1493 883 1564 apud
903 1491 1094 1560 Terentium,

202 1591 254 1657 qui
279 1574 433 1648 ‘decrevit
455 1595 606 1662 tantisper
630 1611 663 1648 se
682 1595 783 1647 minus
800 1593 928 1647 iniuriae
948 1607 1002 1645 suo
1021 1593 1095 1643 nato

203 1682 303 1742 facere
318 1672 367 1754 (ut
381 1691 425 1744 ait
439 1675 518 1758 ipsc)
532 1687 606 1744 dum
622 1687 674 1744 fiat
688 1686 797 1756 miser,'
810 1689 950 1742 inimicus
960 1687 1025 1754 ipse
1037 1683 1095 1740 sibi

142 1783 180 1843 29
203 1780 356 1850 putandus
372 1776 426 1839 est.
472 1783 534 1841 Sed
548 1782 599 1839 alii
613 1782 717 1839 dolore
729 1787 899 1850 moventur,
910 1779 963 1836 alii
977 1778 1095 1850 cupidi-

203 1884 289 1947 tate3
314 1881 469 1938 iracundia
492 1884 584 1937 etiam
605 1879 696 1936 multi
718 1877 885 1935 efferuntur
903 1884 946 1946 et,
969 1895 1039 1933 cum
1061 1879 1095 1931 in

202 1973 282 2030 mala
301 1980 432 2034 scientes
451 1980 579 2046 irruunt,
593 1982 661 2032 tum
682 1994 715 2032 se
736 1977 851 2044 optime
866 1973 923 2030 sibi
937 1971 1095 2029 consulere

203 2069 397 2129 arbitrantur.
443 2070 551 2142 Itaque
566 2071 674 2128 dicunt
688 2089 746 2126 nec
761 2068 923 2130 dubitant:

245 2163 343 2236 ‘Mihi
358 2185 399 2237 sic
415 2188 462 2238 est
476 2199 566 2247 usus;
587 2180 645 2236 tibi
658 2184 694 2235 ut
708 2197 783 2248 opus
798 2182 846 2233 est
860 2174 951 2244 facto,
966 2174 1052 2231 face!

204 2285 265 2354 Qui
280 2291 337 2357 ipsi
352 2277 427 2345 sibi²
441 2288 556 2346 bellum
567 2288 757 2356 indixissent,
767 2287 892 2342 cruciari
903 2283 979 2353 dies,
990 2291 1098 2341 noctes

203 2387 338 2452 torqueri
353 2383 480 2454 vellent,
491 2404 548 2440 nec
560 2404 632 2440 vero
643 2402 709 2441 sese
721 2385 777 2453 ipsi
788 2386 966 2438 accusarent
977 2379 1017 2435 ob
1028 2398 1097 2436 eam

204 2497 323 2537 causam
339 2480 420 2550 quod
434 2500 466 2539 se
480 2480 560 2538 male
572 2482 633 2537 suis
644 2479 734 2537 rebus
744 2476 929 2534 consuluisse
941 2474 1097 2544 dicerent;

205 2595 308 2633 eorum
324 2580 406 2634 enirn
422 2585 469 2635 est
484 2577 560 2635 hacc
575 2575 699 2648 querela
713 2578 765 2645 qui
783 2573 839 2631 sibi
854 2575 914 2629 cari
929 2579 1001 2628 sunt
1015 2591 1097 2631 sese·

204 2691 263 2741 que
279 2672 419 2744 diligunt.
465 2672 578 2745 Quare,
593 2675 866 2743 quotienscumque
881 2666 1002 2725 dicetur
1015 2668 1096 2726 male

240 2785 305 2835 'aut
311 2804 321 2836 :
337 2794 388 2836 aut
399 2794 430 2836 ut
442 2789 532 2845 MSS.;
550 2793 601 2836 aut
612 2785 663 2852 [ut]
676 2786 749 2835 Mdv.

239 2851 250 2882 ¹
259 2852 317 2916 Qui
333 2854 388 2917 ipsi
403 2854 457 2902 sibi
473 2854 560 2912 MSS„
580 2854 654 2910 edd.;
672 2853 722 2916 qui
738 2851 792 2914 apsi
806 2851 833 2898 εἰ
849 2849 889 2907 Ε;
907 2848 958 2912 qui
972 2848 1027 2896 siti
1043 2849 1100 2913 ipsi

209 2918 255 2967 inf.
271 2919 327 2967 MS.
375 2919 497 2983 Perhaps
509 2919 568 2984 Qui
577 2920 604 2968 si
614 2919 669 2982 ipsi
678 2917 731 2966 sibi
741 2916 784 2964 ed.

238 3062 252 3091 Β
260 3053 382 3103 Terence
394 3054 709 3102 Heautontimorumenos
719 3049 789 3114 (The
801 3047 1031 3112 Seis-tormentor)
1042 3061 1095 3112 147.

237 3119 252 3158 b
263 3121 342 3169 From
354 3122 400 3169 the
413 3136 488 3169 same
499 3121 573 3183 play,
587 3121 602 3168 l.
617 3119 658 3167 80.

261 3247 264 3250 Α
286 3205 346 3256 422
