2332 3698
381 230 531 289 CICERO
554 229 612 287 DE
634 228 803 287 FINIBUS

145 364 244 422 ficium
260 363 408 432 noluisse3
430 371 549 435 septem
562 371 667 422 autem
681 363 725 420 illi
737 381 799 419 non
810 381 864 419 suo
875 360 930 420 sed
940 380 1037 434 popu-

105 492 121 543 8
144 485 243 542 lorum
258 483 397 555 suffragio
412 488 547 542 omnium
561 488 709 542 nominati
725 492 804 542 sunt.
849 482 1037 541 Verum'hoc

144 605 211 662 loco
234 623 319 662 sumo
340 604 439 661 verbis
462 604 508 661 his
532 604 662 662 eandem
685 612 768 662 certe
790 607 851 660 vim
872 601 1037 673 voluptatis

144 719 309 790 Epicurum
323 736 411 775 nosse
427 737 516 789 quam
532 726 657 775 ceteros
704 717 819 776 Omnes
834 720 916 774 enim
930 719 1037 774 iucun-

145 833 217 890 dum
242 839 359 889 motum
385 852 453 905 quo„
470 852 575 890 sensus
599 831 747 889 hilaretur
776 832 892 889 Graece
920 829 1034 902 ἡδονήν,

145 947 254 1004 Latine
271 945 460 1017 voluptatem
475 947 614 1003 vocant.’'
659 931 768 1016 “Quid
783 952 831 1003 est
850 944 972 1016 igitur‚'’
990 948 1036 1001 in-

189 1066 195 1076 .
235 1046 255 1073 (C
436 1063 441 1075 .
517 1060 534 1080 η
579 1046 599 1072 CC
640 1062 645 1074 .
728 1060 765 1080 η.
904 1043 923 1070 (C
1015 1061 1021 1074 ι

145 1069 222 1135 qu1t,
261 1060 343 1133 quod
357 1061 510 1131 requiras?
606 1058 725 1131 Dicam,
757 1079 890 1130 mquam,
929 1065 961 1116 et
971 1077 1037 1129 qur-

144 1175 216 1234 dem
231 1174 369 1233 discendi
383 1194 472 1232 causa
483 1178 579 1246 magis
590 1195 681 1246 quarn
692 1194 752 1245 quo
763 1181 795 1232 te
807 1181 860 1230 aut
871 1173 1037 1244 Epicurum

145 1309 323 1363 reprensum
345 1289 466 1347 velim.”
512 1276 604 1361 “Ego
626 1290 776 1362 quoque,''
800 1292 910 1359 inquit,
932 1274 1036 1346 “didi-

145 1409 239 1462 cerim
253 1403 399 1461 libentius
414 1407 438 1460 si
457 1403 529 1473 quid
550 1403 689 1461 attuleris
708 1423 799 1474 quam
818 1410 850 1461 te
870 1402 1036 1474 reprende-

144 1517 231 1576 rim.''
286 1502 455 1575 “Tenesne
484 1518 606 1588 igitur,”
635 1522 769 1588 inquam,
799 1503 1037 1588 “Hieronymus

147 1631 281 1691 Rhodius
297 1630 370 1703 quid
385 1631 467 1689 dicat
482 1651 547 1689 esse
562 1652 713 1690 summum
728 1633 850 1702 bonum,
866 1651 926 1703 quo
946 1638 1037 1702 putet

145 1750 245 1806 omnia
260 1745 366 1804 referri
384 1747 568 1818 oportere?''
615 1732 773 1817 “Tenem”
790 1749 899 1817 inquit,
915 1731 1036 1802 “finem

145 1864 189 1920 illi
215 1863 311 1920 videri
336 1861 413 1919 nihil
439 1862 572 1920 dolere.”
618 1848 744 1932 “Quid?
767 1863 849 1920 idem
874 1860 962 1932 iste,”
989 1865 1036 1917 in-

105 1984 123 2044 9
146 1997 246 2049 quam,
269 1962 334 2034 “de
360 1976 516 2048 voluptate
542 1976 615 2047 quid
638 1975 776 2034 sentit?''
821 1962 949 2048 “Negat
971 1995 1038 2034 esse

146 2091 242 2162 eam,”
269 2095 379 2163 inquit,
405 2077 555 2163 “propter
580 2112 611 2150 se
638 2090 885 2163 expetendam.'’·
918 2076 1037 2148 “Aliud

144 2210 239 2277 igitur
253 2225 318 2263 esse
334 2213 441 2263 censet
455 2205 599 2278 gaudere,
615 2204 697 2263 aliud
715 2225 776 2262 non
792 2205 925 2263 dolere.”
968 2190 1037 2262 “Et

144 2320 298 2394 quidem,”
315 2323 427 2390 inquit,
442 2307 669 2379 “vehementer
684 2328 765 2378 errat
771 2339 779 2388 3
801 2341 882 2389 nam,
897 2328 932 2377 ut
946 2323 1036 2392 paulo

143 2443 216 2494 ante
226 2434 324 2506 docui,
334 2434 493 2506 augendae
503 2435 667 2506 voluptatis
678 2435 745 2492 finis
757 2443 805 2493 est
816 2434 927 2493 doloris
938 2442 1035 2496 omnis

143 2549 285 2608 amoti0.''
329 2535 426 2607 “Non
441 2549 575 2620 dolere,'’
592 2552 726 2620 inquam,
741 2534 849 2606 “istud
864 2569 955 2619 quam
974 2555 1035 2609 vim

145 2664 257 2721 habeat
268 2670 374 2734 postea
385 2660 505 2730 vider03
527 2661 616 2718 aliam
628 2681 699 2719 vero
710 2666 771 2718 vim
782 2662 946 2733 voluptatis
958 2682 1034 2734 esse,

144 2778 233 2835 aliam
250 2776 326 2833 nihil
348 2775 482 2846 dolendi,
497 2780 555 2833 nisi
575 2774 662 2834 valde
684 2780 824 2847 pertinax
846 2776 949 2846 fueris
964 2797 1035 2834 con-

144 2891 233 2950 cedas
254 2909 380 2948 neeesse
404 2889 481 2946 est.”
526 2875 648 2961 “Atqui
669 2890 832 2961 reperies,”
848 2894 957 2960 inquit,
973 2877 993 2903 “
1002 2896 1034 2948 in

143 3006 200 3064 hoe
229 3005 353 3077 quidem
381 3008 569 3075 pertinacem
581 3023 589 3072 3
626 3004 686 3062 dici
715 3009 797 3062 enim
826 3005 902 3061 nihil
932 3014 1035 3076 potest

142 3120 270 3177 verius.''
314 3105 333 3131 “
341 3118 446 3188 Estne,
464 3119 604 3190 quaes0,’'
621 3122 755 3190 inquam,
772 3105 914 3176 “sitienti
937 3122 969 3175 in
988 3121 1033 3177 bi-

226 3201 265 3260 86
