2332 3698
439 223 590 282 CICERO
613 224 670 280 DE
693 222 861 282 FINIBUS

204 347 285 417 quod
300 351 364 418 ipsa
378 355 486 403 natura
500 347 620 403 divitias
635 347 744 417 quibus
758 352 904 403 contenta
914 348 954 402 sit
965 352 999 402 et
1009 363 1096 415 para-

204 430 280 487 biles
304 438 336 488 et
359 434 536 488 terminatas
558 430 666 497 habet;
694 434 830 486 inanium
852 436 956 486 autem
979 427 1097 500 cupidi-

204 520 303 571 tatum
331 532 388 569 nec
417 512 525 570 modus
549 512 628 570 ullus
654 533 711 570 nec
736 512 803 570 finis
828 515 957 570 inveniri
982 519 1095 583 potest

143 594 182 653 46
205 595 286 652 XIV.
321 594 412 666 Quod
437 600 461 652 si
489 600 582 653 vitam
611 616 733 653 omnem
761 597 931 668 perturbari
959 594 1098 653 videmus

79 666 85 679 ’
205 686 344 736 erroreet
352 683 842 751 inscientia,sapientiamqueesse
851 679 945 736 solam
953 698 1032 749 quae
1041 698 1099 736 nos

204 783 222 818 a
230 762 391 819 libidinum
400 767 516 833 impetu
527 771 559 821 et
567 784 585 819 a
594 763 789 820 formidinum
798 770 913 821 terrore
918 761 1055 820 vindicet
1063 770 1098 820 et

205 850 297 916 ipsius
312 846 452 904 fortunae
467 847 585 906 modice
601 846 680 904 ferre
692 846 802 904 doceat
812 850 935 904 iniurias
947 854 980 904 et
989 864 1099 904 omnes

204 937 354 987 monstret
379 935 440 987 vias
465 950 542 1000 quae
567 931 605 988 ad
631 935 767 1000 quietem
789 938 821 988 et
842 929 1099 1000 tranquillitatem

205 1013 314 1083 ferant,
329 1014 403 1084 quid
418 1021 466 1071 est
480 1034 533 1071 cur
550 1014 725 1072 dubitemus
742 1015 844 1071 dicere
865 1021 898 1071 et
914 1016 1097 1084 sapientiam

204 1105 328 1167 propter
342 1097 513 1169 voluptates
528 1097 733 1168 expetendam
750 1104 784 1155 et
803 1101 1009 1169 insipientiam
1028 1117 1098 1169 pro-
1140 1089 1144 1096 ¹

203 1188 272 1251 pter
286 1181 439 1238 molestias
454 1201 520 1238 esse
534 1181 732 1252 fugiendam?
1077 1200 1080 1205 ·

143 1266 181 1323 47
246 1250 449 1336 “Eademque
459 1269 576 1322 ratione
590 1285 630 1322 ne
645 1268 878 1335 temperantiam
889 1264 1013 1335 quidem
1027 1283 1097 1335 pro·

205 1354 273 1417 pter
294 1367 326 1404 se
348 1348 553 1419 expetendam
575 1367 641 1406 esse
661 1348 806 1418 dicemus,
826 1347 880 1406 sed
900 1352 971 1418 quia
989 1367 1098 1419 pacem

205 1434 313 1487 animis
330 1430 435 1488 afferat
454 1439 487 1488 et
506 1451 558 1488 eos
577 1435 662 1501 quasi
676 1431 835 1488 concordia
850 1430 980 1502 quadam
994 1431 1098 1502 placet

205 1533 239 1569 ac
263 1513 367 1570 leniat.
418 1512 633 1586 Temperantia
661 1522 707 1572 est
736 1519 818 1572 enim
846 1534 923 1586 quae
948 1519 980 1571 in
1005 1516 1097 1573 rebus

205 1603 258 1653 aut
278 1598 458 1667 expetendis
475 1605 529 1655 aut
545 1582 699 1669 fugiendis
718 1606 753 1656 ut
771 1603 921 1656 rationem
935 1617 1098 1669 sequamur

204 1688 318 1737 monet.
361 1680 388 1737 N
391 1701 426 1739 ec
441 1685 523 1739 enim
537 1686 609 1742 satis
624 1689 672 1739 est
685 1681 818 1739 iudicare
834 1682 907 1752 quid
922 1681 1096 1740 faciendum

206 1783 267 1820 non
289 1764 499 1823 faciendumve
520 1769 569 1837 sit,
584 1766 639 1823 sed
659 1773 738 1823 stare
758 1770 851 1823 etiam
870 1773 992 1837 oportet
1009 1769 1041 1822 iu
1059 1785 1097 1824 eo

205 1847 287 1918 quod
310 1853 349 1906 sit
373 1849 546 1907 iudicatum.
592 1849 732 1919 Plerique
754 1857 868 1919 autem,
886 1849 968 1919 quod
987 1856 1097 1908 tenere

205 1939 298 2001 atque
318 1952 436 1991 servare
455 1934 487 1990 id
507 1933 589 2004 quod
608 1937 665 2003 ipsi
684 1940 859 1991 statuerunt
877 1952 940 1990 non
959 1941 1097 2003 possunt,

200 2018 278 2071 victi
302 2023 334 2072 et
357 2016 509 2073 debilitati
528 2017 648 2073 obiecta
667 2020 767 2086 specie
787 2016 950 2087 voluptatis
970 2015 1099 2075 tradunt

205 2117 237 2154 se
260 2097 436 2156 libidinibus
461 2098 713 2169 constringendos
733 2119 791 2156 nec
816 2100 889 2169 quid
915 2107 1097 2158 eventurum

206 2185 245 2238 sit
260 2182 431 2252 provident,
442 2184 481 2239 ob
493 2201 621 2253 eamque
635 2202 754 2239 causam
768 2191 893 2254 propter
907 2183 1098 2254 voluptatem

207 2273 240 2321 et
264 2285 385 2334 parvam
411 2273 443 2323 et
467 2285 529 2323 non
555 2270 754 2323 necessariam
779 2274 812 2324 et
836 2286 914 2337 quae
936 2266 984 2324 vel
1007 2267 1099 2326 aliter

206 2355 362 2418 pararetur
381 2355 414 2405 et
437 2368 496 2419 qua
518 2353 611 2406 etiam
632 2369 734 2407 carere
753 2357 878 2421 possent
897 2354 973 2425 sine*
982 2349 1098 2422 dolore,

206 2437 273 2487 tum
288 2435 319 2487 in
333 2431 453 2489 morbos
470 2451 586 2502 graves
601 2440 668 2490 tum
682 2438 714 2490 in
729 2434 848 2504 damna,
864 2441 931 2491 tum
950 2438 982 2491 in
1002 2433 1098 2492 dede-

207 2533 275 2571 cora
299 2518 466 2585 incurrunt,
493 2535 583 2587 saepe
608 2520 701 2574 etiam
726 2517 829 2587 legum
857 2517 1098 2588 iudiciorumque

145 2602 183 2652 48
206 2602 312 2668 poenis
327 2599 507 2669 obligantur.
546 2599 607 2671 Qui
624 2608 728 2657 autem
747 2605 790 2658 ita
809 2600 868 2658 frui
888 2602 994 2659 volunt
1013 2601 1098 2659 volu-

206 2681 341 2750 ptatibus
356 2690 391 2738 ut
405 2683 481 2739 nulli
492 2691 617 2754 propter
628 2704 678 2741 eas
689 2692 913 2755 consequantur
924 2685 1052 2756 dolores,
1064 2694 1099 2745 et

241 2850 253 2878 ²1
263 2841 358 2890 inanis
369 2842 475 2901 hollow‚
485 2845 557 2904 vain,
569 2845 671 2902 unreal‚
681 2861 714 2893 as
726 2846 771 2894 the
783 2847 909 2910 opposite
918 2847 949 2895 of
961 2849 966 2870 ‘
975 2850 1084 2897 natural
1093 2851 1099 2868 '

208 2906 253 2967 (ef.
267 2909 280 2966 ξ
291 2921 323 2970 53
335 2907 390 2956 and
404 2909 453 2957 Bk.
469 2909 504 2958 II.
518 2912 531 2969 ἕ
544 2909 594 2970 26),
610 2926 705 2959 means
720 2911 822 2960 ‘based
840 2927 874 2960 on
892 2927 909 2960 a
921 2911 989 2961 false
999 2911 1061 2962 idea
1070 2915 1104 2965 of

208 2974 281 3020 what
292 2973 314 3020 is
324 2974 398 3033 good
407 2990 439 3022 or
447 2990 594 3039 necessary
603 2977 619 3024 ':
640 2978 664 3023 ol
677 2977 703 3024 δὲ
711 2977 769 3037 (τῶν
779 2977 921 3039 ἐπιθυμιῶν)
933 2981 987 3025 οὔτε
996 2983 1099 3038 φυσικαὶ

210 3041 264 3086 οὔτε
281 3040 418 3099 ἀναγκαῖαι,
439 3042 503 3089 ἀλλὰ
522 3043 587 3103 παρὰ
605 3043 674 3099 κενὴν
687 3043 758 3101 δόξαν
771 3043 902 3102 γινόμεναι.
920 3043 1053 3109 Epicurus
1071 3046 1098 3096 in

134 3120 139 3127 ·
210 3104 351 3166 Diogenes
364 3104 488 3154 Laertius
504 3121 540 3155 ιο.
559 3123 611 3170 149.

292 3188 330 3240 50
