2332 3698
398 214 548 273 CICERO
571 213 629 271 DE
652 212 819 272 FINIBUS

164 337 229 394 bit?
272 336 334 394 Sed
357 335 482 394 videsne
504 355 692 394 accessuram
716 339 744 392 ei
767 354 870 393 curam
893 342 930 392 ut
954 351 1059 391 sensus

164 453 284 504 quoque
305 452 373 489 suos
393 423 558 508 eorumque
578 452 701 489 omnem
720 435 893 502 appetitum
910 437 945 488 et
961 434 985 488 si
1001 449 1058 500 qua

163 533 224 585 sint
238 527 381 585 adiuncta
396 532 424 584 ei
444 529 580 585 membra
599 529 741 585 tueatur?
778 527 827 585 Sic
846 525 886 583 a‘d
905 525 960 583 illa
980 544 1057 596 quac

161 644 282 694 semper
301 623 408 680 habuit
429 627 537 693 iunget
559 644 595 680 ea
618 643 695 695 quae
719 631 825 694 postca
848 608 1057 691 accesserint,¹

160 740 218 776 nec
230 719 362 777 eundem
374 719 465 777 finem
477 719 604 777 habebit
615 739 707 790 quem
718 719 816 776 cultor
831 723 895 775 eius
910 717 1055 788 habebat,

161 815 215 873 sed
224 816 307 873 volet
317 815 484 873 secundum
494 835 561 872 eam
570 814 1055 886 naturamquaeposteaeiadiun·

161 919 210 969 cta
225 899 302 970 erit²
316 916 426 970 vivere.
471 911 520 968 lta
534 911 640 969 similis
660 915 719 969 erit
737 915 766 969 ei
785 910 852 967 finis
869 910 942 967 boni
962 917 1055 980 atque

160 1017 251 1091 antea
262 1007 372 1078 fuerat,
381 1027 481 1078 neque
491 1007 574 1064 idem
582 1015 702 1076 tamen3
717 1026 779 1063 non
789 1010 871 1063 enim
880 1009 941 1062 iam
953 1009 1054 1077 stirpis

160 1105 274 1160 bonum
298 1112 424 1174 quaeret
447 1103 502 1161 sed
525 1103 670 1160 animalis.
716 1102 799 1175 Quid
818 1106 843 1159 si
863 1121 926 1159 non
948 1121 1054 1159 sensus

160 1200 250 1257 modo
266 1203 294 1256 ei
309 1200 398 1257 datus
413 1203 453 1256 sit
467 1218 572 1256 verum
587 1203 680 1256 etiam
694 1202 812 1255 animus
826 1197 977 1254 hominis?
992 1217 1053 1254 non

160 1315 285 1352 necesse
302 1304 349 1353 est
364 1303 396 1352 et
411 1295 462 1352 illa
476 1299 605 1366 pristina
619 1314 744 1352 manere
759 1302 794 1351 ut
808 1293 925 1351 tuenda
940 1297 1004 1351 sint
1022 1301 1055 1351 et

160 1392 235 1448 haec
254 1391 352 1448 multo
373 1411 438 1448 esse
459 1395 573 1448 cariora
594 1410 671 1461 quae
691 1393 882 1459 accesserint,
898 1392 1054 1460 animique

160 1491 306 1557 optimam
321 1506 472 1557 quamque
487 1495 607 1557 partem
622 1490 815 1556 carissimam,
831 1489 863 1542 in
883 1501 989 1555 eaque·
1001 1505 1054 1543 ex·

159 1582 294 1653 pletione
310 1589 436 1638 naturae
456 1586 566 1639 summi
586 1583 658 1638 boni
677 1582 770 1640 finem
790 1585 966 1651 consistere,
982 1601 1053 1639 cum

159 1678 251 1748 longe
274 1677 466 1748 multumque
486 1686 623 1748 praestet
642 1698 729 1735 mens
749 1686 842 1748 atque
862 1677 957 1734 ratio?
1002 1677 1053 1736 Sic

161 1766 297 1832 exstitit3
323 1782 495 1831 extremum
521 1778 657 1831 omnium
685 1773 929 1845 appetendorum
957 1781 1053 1844 atque

160 1864 286 1921 ductum
315 1884 333 1920 a
361 1867 458 1934 prima
487 1863 762 1942 commendationev
789 1871 916 1920 naturae
945 1861 1052 1919 multis

159 1953 302 2023 gradibus
321 1952 460 2010 ascendit
479 1960 515 2010 ut
534 1951 573 2008 ad
593 1972 744 2009 summum
763 1954 948 2023 perveniret,
968 1951 1052 2022 quod

160 2043 330 2099 cumulatur
340 2062 376 2099 ex
386 2046 565 2111 integritate
575 2045 706 2111 corporis
718 2048 799 2098 etex
811 2044 924 2097 mentis
932 2044 1051 2097 ratione

159 2130 302 2202 perfecta.
815 2121 820 2131 ⁴

99 2228 134 2276 41
202 2221 267 2276 XV.
291 2206 394 2276 “Cum
408 2223 502 2289 igitur
517 2240 553 2276 ca
573 2223 612 2276 sit
627 2238 717 2288 quam
737 2221 863 2289 exposui
882 2217 979 2274 forma
998 2237 1052 2274 na-

160 2317 256 2378 turae,
278 2313 302 2363 si
325 2315 360 2365 ut
383 2312 471 2364 initio
493 2307 557 2364 dixi
580 2307 668 2364 simul
691 2316 783 2379 atque
807 2315 890 2364 ortus
914 2313 995 2364 esset
1018 2327 1052 2364 se

160 2401 286 2467 quisque
306 2404 503 2466 cognosceret
521 2396 716 2466 iudicareque
735 2404 838 2467 posset
857 2415 934 2466 quae
953 2399 998 2452 vis
1019 2404 1053 2453 ct

160 2489 254 2543 totius
268 2492 350 2543 esset
363 2493 489 2542 naturae
505 2493 538 2542 et
552 2489 683 2562 partium
694 2485 891 2556 singularum,
906 2488 1052 2541 continuo

160 2575 278 2632 videret
303 2574 376 2645 quid
405 2582 485 2632 esset
513 2574 571 2631 hoc
599 2574 680 2645 quod
705 2578 886 2645 quaerimus,
915 2577 1051 2630 omnium

160 2683 261 2720 rerum
286 2682 359 2733 quas
384 2668 556 2734 expetimus
581 2683 732 2720 summum
757 2671 790 2721 et
814 2663 965 2732 ultimum,
991 2681 1051 2719 nec

160 2751 221 2809 ulla
235 2756 314 2808 inre
329 2771 455 2822 peccare
467 2760 577 2823 posset.
602 2753 692 2809 Nunc
707 2772 778 2809 vcro
789 2772 807 2808 a
817 2756 914 2824 primo
925 2749 1050 2821 quidem

159 2841 337 2898 mirabiliter
372 2841 492 2898 occulta
527 2849 636 2898 natura
671 2849 720 2899 est
748 2861 805 2898 nec
833 2844 963 2912 perspici
991 2858 1050 2896 nec

189 2963 367 3012 ¹accesserint
379 2962 468 3020 MSS.,
482 2962 557 3019 edd.;
577 2961 650 3011 Mdv.
665 2969 799 3026 suggests
811 2966 983 3012 accesserunt.

191 3027 262 3077 “erit
272 3030 383 3084 Miiller;
400 3028 438 3075 sit
449 3027 540 3084 MSS.;
557 3033 597 3077 est
607 3028 681 3077 Mdv.

191 3094 248 3142 ἐἰς
256 3094 350 3142 extitit
361 3093 435 3142 Mdv.
442 3110 449 3149 ;
464 3093 548 3151 sicet,
560 3095 659 3157 sicque,
671 3094 759 3158 sitque
772 3093 849 3142 MSS.

240 3177 299 3228 438
