2332 3698
396 224 547 284 CICERO
570 224 627 282 DE
649 223 819 283 FINIBUS

162 347 266 417 Atque
288 347 346 405 hoc
367 347 434 404 loco
455 351 508 417 qui
528 352 653 417 propter
680 349 774 405 animi
795 346 975 416 voluptates
1004 343 1059 401 coli

163 461 270 518 dicunt
291 482 326 518 ea
346 461 446 518 studia
463 480 540 530 quae
561 461 633 530 dixi,
652 480 714 517 non
734 458 926 529 intellegunt
946 459 1058 517 idcirco

164 595 230 631 esse
253 595 289 632 ea
310 582 435 646 propter
456 595 488 632 se
511 574 686 645 expetenda
709 573 790 644 quod
813 573 899 631 nulla
921 573 1058 631 utilitate

163 690 284 746 obiecta
299 689 494 747 delectentur
508 693 600 746 animi
614 696 707 759 atque
719 693 784 759 ipsa
796 678 931 745 scientia
938 691 1058 746 etiamsi

103 809 137 861 51
164 804 424 861 incommodatura
444 809 483 862 sit
502 803 665 874 gaudeant.
710 803 772 861 Sed
792 803 865 873 quid
882 807 1002 860 attinet
1021 801 1057 859 de

164 920 253 976 rebus
268 927 332 976 tam
347 923 459 990 apertis
474 918 560 989 plura
571 919 747 988 requirere?
792 917 854 988 Ipsi
869 921 954 974 enim
966 936 1058 987 quae-

164 1054 264 1092 ramus
279 1055 296 1091 a
314 1033 400 1090 nobis
420 1032 576 1090 stellarum
595 1039 696 1089 motus
717 1030 1057 1103 contemplationesque

164 1163 264 1200 rerum
286 1141 463 1199 caelestium
485 1160 649 1211 eorumque
672 1144 808 1197 omnium
829 1159 907 1211 quae
930 1147 1058 1197 naturae

164 1251 347 1307 obscuritate
373 1249 564 1306 occultantur
587 1251 776 1318 cognitiones
799 1247 1059 1317 quemadmodum

164 1378 218 1415 nos
233 1366 385 1427 moveant,
398 1365 430 1414 et
445 1356 518 1427 quid
533 1357 657 1441 ¹historia
669 1355 805 1412 delectet
819 1375 910 1426 quam
925 1355 1060 1414 solemus

164 1470 306 1536 persequi
326 1484 421 1534 usque
444 1464 484 1521 ad
508 1472 688 1534 extremum,
711 1469 924 1535 praetermissa
943 1470 1060 1536 repeti-

164 1593 242 1643 muS,
257 1573 400 1630 inchoata
414 1577 632 1644 persequimur.
677 1573 744 1631 Nec
763 1593 834 1631 vero
854 1593 921 1631 sum
936 1578 1061 1632 nescius

165 1701 231 1739 esse
252 1681 419 1738 utilitatem
441 1685 473 1738 in
495 1680 630 1750 historia,
652 1700 714 1738 non
741 1680 831 1739 modo
856 1680 1059 1752 voluptatem.

165 1790 247 1861 Quid
267 1810 337 1847 oum
356 1789 441 1846 fictas
461 1789 577 1846 fabulas
598 1809 614 1846 e
635 1790 744 1860 quibus
758 1789 874 1846 utilitas
888 1789 973 1847 nulla
989 1791 1061 1847 elici

104 1907 142 1956 52
164 1907 268 1971 potest
282 1919 352 1955 cum
367 1899 523 1968 voluptate
538 1897 690 1968 legimus?
733 1897 816 1969 Quid
835 1918 904 1955 cum
918 1898 1061 1958 volumus

165 2012 288 2064 nomina
310 2026 414 2064 eorum
437 2011 489 2077 qui
511 2005 584 2076 quid
605 2010 758 2076 gesserint
777 2014 850 2064 nota
871 2007 960 2066 nobis
980 2028 1060 2078 esse,

165 2123 317 2187 parentes,
341 2118 480 2185 patriam,
502 2115 598 2171 multa
622 2121 780 2186 praeterea
802 2118 927 2172 minime
950 2136 1060 2174 neces-

166 2225 263 2281 saria?
300 2222 382 2293 Quid
398 2222 479 2293 quod
494 2223 632 2280 homines
647 2223 750 2280 infima
763 2222 895 2294 fortuna,
904 2223 989 2280 nulla
1004 2245 1060 2297 spe

166 2351 267 2388 rerum
295 2330 509 2402 gerendarum,
538 2331 659 2402 opifices
694 2331 827 2402 denique
863 2331 1061 2392 delectantur

165 2439 312 2496 historia?
334 2443 525 2509 maximeque
537 2459 588 2496 eos
602 2440 706 2497 videre
721 2459 878 2511 possumus
893 2460 941 2498 res
956 2450 1061 2511 gestas

165 2549 270 2606 audire
286 2556 319 2605 et
332 2547 437 2619 legere
453 2548 532 2605 velle
547 2553 631 2619 quia
646 2568 699 2619 spe
716 2548 845 2619 gerendi
859 2549 971 2608 absunt
986 2571 1060 2608 con-

165 2657 240 2714 iecti
261 2664 430 2714 senectute.
475 2656 625 2727 Quocirca
646 2656 786 2727 intellegi
807 2677 933 2715 necesse
956 2667 1004 2717 est
1026 2665 1059 2719 in

165 2769 239 2836 ipsis
261 2765 351 2822 rebus
373 2785 451 2836 quae
473 2764 633 2822 discuntur
655 2772 688 2822 et
709 2773 934 2836 cognoscuntur
948 2771 1060 2826 invita-

165 2881 271 2931 menta
279 2877 378 2931 inesse
390 2874 498 2944 quibus
509 2874 548 2930 ad
560 2873 741 2931 discendum
750 2875 1059 2948 cognoscendumque

106 2988 143 3038 53
165 3002 347 3040 moveamur.
386 2983 432 3038 Ac
446 2988 566 3039 veteres
581 2982 705 3052 quidem
719 2981 892 3054 philosophi
905 2987 939 3040 in
954 2986 1059 3045 beato-

166 3116 233 3154 rum
248 3097 353 3154 insulis
368 3096 488 3165 fingunt
503 3095 599 3166 qualis
614 3095 716 3163 futura
733 3100 773 3154 sit
788 3100 849 3154 vita
863 3101 1059 3172 sapientium,

251 3187 310 3237 452
