2332 3698
465 230 614 289 CICERO
637 230 694 287 DE
717 227 886 288 FINlBUS

229 372 320 422 quam
335 357 400 410 sine
415 372 504 409 causa
519 339 645 421 dicere),
660 358 693 408 et
712 350 799 408 illum
818 359 936 408 motum
951 353 1122 411 naturalem

228 463 364 517 omnium
379 459 558 531 ponderum,
574 467 609 517 ut
628 464 693 530 ipse
713 464 882 530 constituit,
898 480 915 518 e
934 465 1061 531 regione
1075 465 1121 518 in-

227 567 369 625 feriorem
382 567 483 625 locum
493 572 676 640 petentium,
691 573 756 626 sine
772 588 860 626 causa
871 573 983 640 eripuit
996 574 1120 640 atomis3

227 696 285 734 nec
299 683 403 734 tamen
418 676 450 733 id
465 681 549 735 cuius
564 697 653 734 causa
667 677 742 734 haec
754 678 882 734 finxerat
893 685 1047 735 assecutus
1063 687 1118 735 est.

165 791 205 841 20
227 785 306 841 Nam
330 789 354 842 si
377 805 482 843 omnes
504 789 598 843 atomi
621 784 829 856 declinabunt,
852 785 953 843 nullae
976 806 1120 857 umquam

227 893 459 957 cohaerescent;
481 899 543 952 sive
557 893 634 951 aliae
649 893 858 964 declinabunt,
875 894 951 952 aliae
967 915 1020 952 suo
1040 903 1118 953 nutu

225 1010 310 1059 recte
339 1001 486 1073 ferentur,
512 1006 643 1073 primum
672 1006 731 1060 erit
755 1001 812 1058 hoc
837 1007 921 1073 quasi
950 1007 1119 1074 provincias

223 1114 331 1167 atomis
348 1109 431 1180 dare,
446 1130 523 1181 quae
543 1119 637 1180 reete,
657 1130 734 1182 quae
754 1110 876 1181 oblique
896 1111 1042 1182 ferantur,
1064 1112 1118 1170 de-

225 1218 297 1275 inde
313 1218 420 1277 eadem
435 1219 487 1275 illa
500 1227 669 1276 atomorum
685 1206 730 1288 (in
745 1238 805 1288 quo
820 1223 913 1276 etiam
924 1219 1118 1278 Democritus

225 1314 346 1396 haeret)
370 1326 548 1384 turbulenta
571 1331 726 1384 concursio
749 1327 830 1384 hunc
850 1327 957 1385 mundi
977 1337 1118 1386 ornatum

226 1435 343 1492 efficere
353 1454 415 1490 non
424 1439 546 1504 poterit.
578 1435 626 1491 Ne
636 1434 711 1492 illud
720 1434 845 1506 quidem
854 1435 981 1506 physici,
992 1437 1117 1494 credere

223 1541 337 1613 aliquid
366 1561 432 1599 esse
460 1546 634 1607 minimumz
670 1543 751 1614 quod
779 1544 916 1615 profecto
951 1565 1117 1615 numquam

225 1654 392 1722 putavisset
417 1654 442 1707 si
467 1671 484 1706 a
511 1650 662 1723 Polyaeno
687 1652 827 1709 familiari
852 1673 906 1710 suo
930 1657 1117 1723 geometrica

224 1759 340 1818 discere
356 1758 512 1816 maluisset
527 1779 617 1830 quam
631 1760 718 1818 illum
733 1766 826 1818 etiam
840 1765 939 1831 ipsum
953 1760 1113 1820 dedocere.

223 1868 274 1927 Sol
286 1867 462 1925 Democrito
473 1887 601 1938 magnus
609 1868 739 1940 videtur,
747 1873 859 1941 quippe
869 1870 984 1927 homini
995 1870 1117 1928 erudito

223 1980 255 2032 in
266 1980 495 2046 geometriaque
504 1975 657 2046 perfect03
675 1976 745 2034 huic
757 1977 872 2049 pedalis
882 1977 1024 2036 fortasse:
1046 1987 1115 2037 tan-

222 2092 289 2142 tum
304 2086 386 2140 enim
400 2103 466 2141 esse
482 2093 587 2142 censet
601 2093 732 2157 quantus
747 2086 877 2157 videtur,
893 2087 941 2144 vel
955 2087 1046 2158 paulo
1060 2097 1115 2146 aut

161 2192 194 2242 a]
221 2189 366 2242 maiorem
374 2193 427 2243 aut
437 2190 593 2244 minorem.
633 2187 681 2245 lta
691 2207 769 2259 quae
780 2195 880 2244 mutat
891 2207 927 2244 ea
937 2194 1113 2261 corrumpit,

221 2307 298 2358 quae
326 2290 462 2358 sequitur
491 2296 562 2346 sunt
590 2296 655 2346 tota
681 2289 858 2359 Democriti,
883 2292 986 2359 atomi,
1012 2293 1113 2360 inane,

221 2393 378 2459 imagines,
394 2409 471 2460 quae
490 2389 593 2447 εἴδωλα
613 2395 782 2462 nominant,
797 2410 925 2461 quorum
940 2394 1112 2449 incursione

220 2511 281 2547 non
301 2489 398 2547 solum
418 2490 573 2549 videamus
592 2491 647 2549 sed
665 2497 757 2549 etiam
777 2496 961 2562 cogitemus3
982 2492 1113 2551 infinitio

220 2595 293 2662 ipsa,
309 2612 399 2662 quam
416 2591 549 2663 ἀπειρίαν
563 2601 681 2664 vocant,
697 2601 762 2651 tota
781 2594 820 2651 ab
838 2593 891 2651 illo
911 2602 968 2664 est,
983 2602 1050 2651 tum
1061 2598 1111 2651 'in-

219 2694 422 2751 numerabiles
450 2693 556 2751 mundi
585 2698 637 2765 qui
666 2702 699 2752 et
726 2699 861 2752 oriantur
896 2704 929 2753 et
956 2700 1112 2756 intereant

255 2837 448 2905 aDemocritus
470 2838 614 2901 explained
638 2839 714 2903 sight
732 2857 765 2889 as
784 2841 867 2904 being
886 2840 987 2890 caused
1011 2840 1045 2904 by
1065 2844 1111 2892 the

223 2901 325 2964 impact
336 2918 371 2950 on
383 2904 428 2951 the
441 2919 490 2967 eye
503 2904 534 2952 of
547 2903 617 2952 films
629 2920 660 2952 or
676 2906 762 2954 hushs
775 2907 861 2955 which
879 2923 926 2954 are
944 2907 1110 2971 continually

222 2966 307 3030 being
334 2968 439 3016 thrown
463 2969 500 3016 off
524 2969 593 3017 from
614 2971 660 3018 the
680 2969 787 3020 s'urface
807 2972 839 3020 of
857 2970 970 3036 objecis
1018 2973 1110 3023 These

224 3033 547 3097 ‘images‚'penetrating
558 3043 587 3083 to
599 3037 644 3084 the
657 3037 729 3084 mind
742 3038 860 3101 through
873 3039 918 3086 the
930 3053 1012 3100 pores
1023 3038 1055 3086 of
1064 3041 1110 3089 the

222 3097 306 3163 body,
318 3099 378 3148 also
390 3099 492 3148 caused
504 3103 605 3150 mental
617 3103 794 3165 impressions

301 3181 340 3232 22
