2332 3698
447 244 596 303 CICERO
620 243 677 303 DE
699 243 868 303 FINIBUS

212 366 340 424 honeste
355 372 414 423 vivi
429 371 486 422 nisi
501 367 629 424 honeste
645 369 783 423 vivatur?
827 368 877 423 An
892 371 948 424 nisi
964 368 1104 438 populari

211 475 313 532 fama?
339 475 411 533 Sine
423 495 459 532 ea
469 479 562 544 igitur
573 475 705 533 iucunde
717 482 811 545 negat
822 494 909 546 posse
921 495 953 533 se
964 463 1104 534 vivere¹?

212 583 295 655 Quid
310 588 428 655 turpius
448 605 538 656 quam
558 588 703 656 sapientis
724 588 816 641 vitam
837 603 874 642 ex
894 588 1104 655 insipientium

212 711 350 750 sermone
374 693 530 764 pendere?
574 692 656 763 Quid
680 711 753 761 ergo
776 692 923 749 hocloco
948 693 1105 764 intellegit

211 800 396 859 honestum?
440 802 530 859 Certe
544 800 620 858 nihil
631 803 688 857 nisi
700 800 781 871 quod
792 804 887 871 possit
900 805 999 871 ipsum
1014 820 1105 872 prop-

211 917 260 967 ter
287 930 320 968 sc
347 914 412 968 iure
437 910 560 966 laudari.
606 910 685 965 Nam
708 913 733 966 si
757 916 882 980 propter
904 910 1104 980 voluptatem,

211 993 288 1089 quae
304 1026 351 1076 est
366 1023 423 1076 ista
438 1018 502 1075 laus
517 1037 594 1090 quae
609 1021 704 1088 possit
719 1037 736 1074 e
757 1017 885 1074 macello
900 1019 988 1088 peti?
1032 1017 1104 1074 Nou

212 1131 236 1183 is
251 1131 296 1183 vir
310 1135 357 1183 est
372 1135 417 1197 ut,
432 1146 501 1184 cum
516 1125 710 1183 honestatem
725 1146 762 1183 eo
782 1126 848 1182 loco
863 1124 974 1182 habeat
988 1133 1024 1182 ut
1038 1130 1105 1183 sine

211 1255 247 1292 ea
270 1235 402 1293 iucunde
425 1243 521 1304 neget
543 1254 630 1306 posse
652 1238 723 1304 vivi,
743 1234 818 1290 illud
839 1233 1002 1291 honestum
1023 1234 1105 1304 quod

212 1344 356 1414 populare
382 1348 422 1400 sit
443 1347 557 1400 sentiat
580 1349 612 1400 et
632 1346 697 1399 sine
718 1361 755 1399 eo
774 1349 869 1411 neget
889 1341 1021 1399 iucunde
1045 1347 1106 1400 vivi

212 1471 309 1522 posse,
329 1459 383 1508 aut
402 1450 568 1522 quidquam
588 1450 670 1508 aliud
691 1450 854 1508 honestum
868 1450 1031 1520 intellegat
1046 1454 1105 1508 nisi

212 1558 292 1628 quod
308 1562 347 1615 sit
361 1565 479 1614 rectum
494 1562 652 1629 ipsumque
668 1578 722 1629 per
737 1577 779 1628 se,
794 1578 847 1615 sua
862 1562 900 1628 vi,
917 1578 969 1615 sua
984 1565 1105 1630 sponte,

213 1686 265 1723 sua
280 1674 388 1724 natura
401 1666 562 1724 laudabile.

151 1782 184 1832 51
253 1774 334 1831 XVI.
353 1761 499 1846 “ltaque,
511 1775 674 1846 Torquate,
685 1795 753 1832 cum
763 1775 881 1833 diceres
891 1775 1020 1831 clamare
1031 1775 1106 1847 Epi-

211 1903 316 1940 curum
336 1904 398 1940 non
417 1903 504 1954 posse
521 1883 653 1940 iucunde
670 1887 730 1939 vivi
749 1887 807 1940 nisi
826 1883 955 1940 honeste
974 1890 1006 1940 ct
1026 1888 1105 1954 sapi·

212 1999 300 2048 enter
309 1998 342 2048 et
353 1995 431 2048 iuste
442 1995 603 2061 viveretur,
613 1999 647 2047 tu
660 1996 723 2062 ipse
735 1989 809 2048 mihi
819 1991 940 2061 gloriari
950 1990 1103 2050 videbare.

211 2098 310 2156 Tanta
324 2103 367 2156 vis
382 2105 480 2157 inerat
495 2105 526 2156 in
541 2100 639 2156 verbis
654 2107 778 2170 propter
793 2120 896 2157 carum
910 2119 1011 2156 rerum
1026 2120 1104 2171 quae

211 2207 458 2278 significabantur
472 2207 518 2265 his
533 2208 631 2266 verbis
646 2208 838 2279 dignitatem,
854 2217 889 2297 ut
903 2209 992 2266 altior
1006 2208 1105 2280 fieres

212 2324 247 2373 ut
261 2315 416 2372 interdum
431 2320 594 2387 insisteres,
607 2325 641 2374 ut
656 2337 711 2375 nos
724 2321 848 2374 intuens
863 2321 947 2389 quasi
961 2317 1105 2375 testifica-

212 2445 278 2483 rere
301 2425 417 2482 laudari
440 2426 632 2484 honestatem
656 2434 689 2484 et
712 2431 857 2484 iustitiam
880 2415 1042 2498 aliquando
1066 2428 1105 2485 ab

213 2534 351 2604 Epicuro.
398 2533 497 2604 Quam
516 2543 549 2592 te
570 2534 700 2592 decebat
719 2539 754 2592 iis
772 2536 871 2592 verbis
889 2539 935 2592 uti
953 2535 1062 2605 quibus
1080 2539 1104 2593 si

212 2641 382 2714 philosophi
407 2663 469 2700 non
492 2651 661 2714 uterentur,
684 2642 873 2715 philosophia
896 2641 1019 2700 omnino
1042 2662 1105 2700 non

212 2769 379 2820 egeremus
431 2750 562 2809 Istorum
590 2756 673 2808 enim
702 2752 859 2809 verborum
889 2771 1000 2822 amore,
1026 2771 1104 2823 quae

212 2878 333 2930 perraro
347 2860 539 2930 appellantur
553 2861 591 2917 ab
606 2860 747 2930 Epicuro,
762 2864 938 2930 sapientiae,
950 2858 1105 2919 fortitudi-

211 2971 268 3038 nis,
282 2972 426 3038 iustitiae,
443 2972 673 3039 temperantiae,
691 2971 955 3038 praestantissimis
974 2972 1106 3036 ingeniis
1158 3001 1161 3005 ·

242 3117 253 3150 ²
258 3127 334 3184 posse
345 3122 471 3170 revivere
481 3121 554 3170 Mdv.
567 3140 573 3180 ;
582 3128 658 3184 posse
665 3121 727 3170 vivi
734 3120 817 3168 Orelli
825 3139 831 3177 ;
839 3127 915 3183 posse
924 3121 1014 3169 vivere
1023 3120 1102 3172 MSS.

298 3205 309 3254 l
318 3203 355 3255 38
