2332 3698
463 245 613 304 CICERO
636 245 694 302 DE
716 244 885 303 FINIBUS

225 370 321 426 iorem
336 372 433 440 ipsum
448 371 519 439 quia
529 366 615 424 dolor
626 371 665 425 sit
675 374 767 436 amet,
780 373 983 436 consectetur,
994 365 1121 437 adipisci

225 462 1121 534 velit,sedquian0nnumquameiusmoditemporaincidunt

225 568 261 618 ut
273 560 376 617 labore
391 567 424 616 et
438 558 540 616 dolore
552 578 693 629 magnam
703 558 834 629 aliquam
845 565 971 629 quaerat
982 558 1119 629 volupta-

224 663 297 713 tem.
344 655 388 712 Ut
416 658 497 711 enim
522 654 561 711 ad
585 658 710 710 minima
734 658 863 724 veniam,
889 657 955 724 quis
980 660 1119 710 nostrum

225 755 475 809 exercitationem
502 750 595 807 ullam
623 754 754 820 corporis
779 753 905 820 suscipit
929 749 1118 820 laboriosam,

225 851 283 904 nisi
305 855 340 904 ut
362 846 476 917 aliquid
496 865 533 904 ex
554 865 589 902 ca
608 845 757 903 commodi
777 847 997 916 consequatur?
1040 845 1118 916 Quis

223 952 327 1000 autem
341 942 389 1000 vel
404 962 475 999 eum
489 946 553 999 iure
568 941 801 1012 reprehenderit
810 945 861 1012 qui
870 945 903 998 in
912 961 948 998 ea
959 940 1117 1013 voluptate

224 1038 298 1096 velit
312 1059 378 1097 esse
392 1058 483 1109 quam
493 1036 570 1094 nihil
580 1037 737 1095 molestiae
749 1044 959 1108 consequatur,
971 1037 1020 1094 vel
1031 1036 1118 1095 illum

223 1140 275 1206 qui
289 1135 424 1193 dolorem
439 1153 509 1191 eum
524 1133 622 1203 fugiat
636 1153 695 1204 quo
710 1132 847 1204 voluptas
861 1132 946 1190 nulla
964 1135 1118 1204 pariatur?

162 1237 200 1288 33
223 1231 266 1288 At
280 1251 351 1289 vero
366 1251 416 1288 eos
431 1238 464 1288 et
483 1249 657 1287 accusamus
679 1236 711 1286 et
732 1233 812 1287 iusto
833 1229 902 1286 odio
924 1229 1117 1299 dignissimos

222 1327 359 1384 ducimus
370 1331 421 1397 qui
435 1325 591 1383 blanditiis
605 1329 811 1395 praesentium
825 1325 1016 1396 voluptatum
1032 1324 1116 1382 dele-

222 1427 280 1479 niti
295 1430 392 1493 ¹atque
416 1425 549 1491 corrupti
572 1440 647 1491 quos
669 1420 788 1478 dolores
811 1428 843 1478 et
866 1441 939 1491 quas
962 1420 1117 1480 molestias

222 1521 379 1588 excepturi
404 1520 465 1573 sint
489 1519 640 1572 occaecati
665 1515 832 1586 cupiditate
857 1536 919 1572 non
944 1515 1116 1587 provident,

221 1613 371 1682 similique
389 1619 461 1669 sunt
475 1615 507 1668 in
522 1611 610 1682 culpa
631 1615 683 1681 qui
704 1613 799 1669 officia
820 1600 985 1687 deserunt(
988 1607 1119 1669 mollitia

220 1713 323 1778 animi,
342 1707 374 1766 id
397 1715 443 1765 est
464 1707 601 1764 laborum
621 1715 654 1764 et
672 1706 810 1765 dolorum
825 1707 905 1778 fuga.
951 1690 991 1764 Et
1006 1706 1115 1765 harum

219 1805 344 1876 quidem
358 1824 458 1862 rerum
474 1803 569 1860 iacilis
585 1811 632 1860 est
647 1811 679 1860 et
694 1804 836 1875 expedita
847 1804 1010 1861 distinctio.
1035 1805 1116 1861 Nam

218 1900 314 1958 libero
328 1908 476 1971 tempore,
492 1920 561 1957 cum
581 1899 679 1956 soluta
697 1900 783 1956 nobis
806 1906 852 1956 est
874 1900 1009 1969 eligendi
1030 1905 1115 1971 optio

219 2015 348 2066 cumque
367 1995 442 2052 nihil
465 1995 594 2065 impedit
613 2015 673 2065 quo
695 1999 794 2052 minus
820 1995 851 2052 id
876 1995 958 2066 quod
982 2000 1113 2054 maxime

219 2091 338 2170 placeat
357 2091 456 2148 facere
476 2094 633 2161 possimus,
651 2094 747 2146 omnis
770 2090 908 2162 voluptas
931 2094 1113 2150 assumenda

219 2195 275 2257 est,
301 2192 398 2244 omnis
423 2186 509 2244 dolor
533 2186 736 2259 repellendus
780 2187 979 2259 Temporibus
1008 2195 1112 2247 autern

218 2282 396 2353 quibusdam
412 2290 444 2340 et
458 2290 511 2339 aut
526 2283 627 2339 officiis
642 2282 753 2339 debitis
768 2290 821 2339 aut
835 2302 935 2340 rerum
949 2288 1113 2342 necessita-

217 2380 298 2437 tibus
313 2398 402 2449 saepe
418 2383 541 2436 eveniet
555 2386 590 2436 ut
605 2386 638 2435 et
652 2376 823 2448 voluptates
834 2379 1039 2449 repudiandae
1051 2385 1113 2439 sint

217 2482 250 2532 et
269 2474 426 2532 molestiae
441 2495 502 2531 non
517 2473 709 2531 recusandae.
756 2473 863 2545 Itaque
885 2493 988 2531 earum
1010 2494 1123 2556 rerum·

216 2571 266 2627 hic
291 2578 416 2628 tenetur
440 2592 457 2627 a
482 2574 620 2641 sapiente
649 2568 787 2627 delectus
813 2577 847 2626 ut
871 2577 925 2627 aut
950 2572 1112 2632 reiciendis

216 2666 421 2736 voluptatibus
430 2671 557 2722 maiores
567 2663 638 2721 alias
647 2673 849 2735 consequatur
857 2673 910 2722 aut
921 2665 1112 2736 perferendis

215 2761 368 2819 doloribus
382 2765 548 2831 asperiores
562 2759 698 2830 repellat.

155 2863 192 2913 34
257 2842 377 2913 “Hanc
406 2876 464 2926 ego
492 2875 561 2912 cum
589 2863 712 2912 teneam
740 2861 934 2926 sententiam,
958 2857 1031 2927 quid
1060 2869 1109 2920 est

214 2965 268 3003 cur
292 2965 397 3015 verear
421 2963 461 3001 ne
486 2943 525 3000 ad
550 2963 618 3000 eam
647 2963 708 3000 non
740 2949 851 3015 possim
880 2947 1108 3010 accommodare

214 3034 381 3104 Torquatos
410 3033 546 3089 nostros?
578 3051 653 3101 quos
677 3038 712 3089 tu
736 3033 827 3104 paulo
851 3040 923 3090 ante
949 3054 1018 3090 cum
1042 3057 1108 3096 me.

214 3126 339 3180 moriter
367 3128 433 3178 tum
461 3125 554 3179 etiam
583 3140 655 3191 erga
682 3140 737 3178 nos
765 3126 869 3178 amice.
890 3129 923 3180 et
957 3123 1108 3189 benevole

298 3203 409 3275 36,
