2332 3698
442 223 592 282 CICERO
616 221 673 279 DE
696 217 865 278 FlNIBUS

208 348 328 406 cotidie.
373 346 460 417 Quae
490 349 548 402 etsi
575 343 650 401 mihi
679 341 763 399 nullo
798 339 889 396 modo
923 337 1100 409 probantur,

208 452 313 502 tamen
328 442 548 511 Democritum,
563 439 720 496 laudatum
740 458 758 493 a
772 438 892 504 ceteris,
907 433 945 490 ab
964 431 1032 501 hoc,
1047 433 1100 501 qui

209 559 280 598 eum
295 558 389 594 unum
403 544 525 594 secutus
541 542 631 605 esset,
646 533 760 591 nollem
776 534 987 602 vituperatum.

251 633 320 691 Vll.
342 619 362 646 “
372 633 437 690 lam
457 636 489 688 in
506 631 602 690 altera
619 629 827 702 philosophiae
845 633 942 698 parte,
957 645 1035 696 quae
1053 630 1101 681 est

211 730 377 802 quaerendi
399 749 434 786 ac
460 727 638 798 disserendi,
661 746 739 798 quae
766 723 873 794 λογική
898 722 1020 791 dicitur,
1043 724 1102 777 iste

212 835 313 885 vester
326 826 427 898 plane,
439 832 474 882 ut
488 824 563 881 mihi
577 823 701 894 quidem
716 822 846 891 videtur,
858 822 982 876 inermis
996 838 1031 875 ac
1046 837 1102 874 nu·

212 923 268 981 dus
287 930 342 979 est.
380 920 475 979 Tollit
496 920 704 985 definitiones;
726 915 801 974 nihil
824 916 863 974 de
883 913 1049 973 dividendo
1070 932 1105 969 ac

211 1018 372 1091 partiendo
395 1017 502 1085 docct;
524 1036 597 1100 non,
605 1013 756 1085 quomodo
778 1012 924 1069 efficiatur
944 1009 1106 1067 concluda-

212 1122 323 1185 turque
343 1118 420 1171 ratio
419 1165 433 1205 1
442 1112 552 1180 tradit3
574 1130 713 1200 uonlqua
727 1113 775 1165 via
789 1112 923 1179 captiosa
942 1106 1106 1175 solvantur,

212 1211 354 1280 ambigua
377 1209 606 1278 distinguantur
628 1205 778 1273 ostendit3
810 1203 921 1261 iudicia
945 1222 1046 1260 rerum
1075 1205 1107 1258 in

213 1306 350 1363 sensibus
364 1309 462 1376 ponit,
477 1303 586 1373 quibus
601 1305 626 1358 si
640 1300 733 1358 semel
750 1299 865 1370 aliquid
885 1298 952 1356 ialsi
966 1318 1021 1370 pro
1035 1317 1107 1354 vero

214 1402 374 1472 probatum
395 1404 445 1469 sit,
460 1397 613 1456 sublatum
633 1416 698 1454 esse
719 1415 809 1452 omne
830 1395 976 1453 iudicium
990 1399 1054 1452 veri
1076 1402 1109 1452 et

214 1496 281 1553 falsi
296 1502 392 1567 putat.
407 1538 413 1551 .
428 1539 434 1551 .
449 1539 455 1551 .

257 1595 481 1654 ...Confirmat
500 1601 603 1651 autem
625 1592 701 1651 illud
722 1592 770 1651 vel
790 1597 920 1650 maxime
942 1592 1023 1664 quod
1044 1596 1109 1665 ipsa

215 1700 332 1763 natura,
344 1699 379 1749 ut
394 1695 437 1748 ait
448 1690 510 1761 ille,
522 1694 631 1748 sciscat
643 1698 675 1748 et
686 1691 805 1761 probet,
817 1690 849 1746 id
861 1697 908 1747 est
919 1689 1107 1760 voluptatem

217 1796 249 1846 et
263 1788 407 1847 dolorem.
446 1786 496 1844 Ad
515 1786 591 1844 haec
607 1793 639 1843 et
653 1805 731 1856 quae
746 1805 907 1856 sequamur
922 1793 954 1843 et
968 1805 1046 1856 quae
1062 1785 1108 1843 fu·

216 1889 333 1955 giamus
347 1884 442 1942 refert
457 1887 564 1940 omnia.
596 1881 688 1952 Quod
702 1901 883 1952 quamquam
900 1881 1047 1953 Aristippi
1062 1889 1110 1939 est

216 2000 234 2036 a
246 1980 478 2050 Cyrenaicisque
489 1976 597 2034 melius
611 1977 795 2047 liberiusque
806 1976 995 2048 defenditur,
1005 1985 1110 2034 tamen

218 2073 365 2132 eiusmodi
385 2093 451 2130 esse
472 2071 571 2129 iudico
591 2079 627 2127 ut
646 2070 722 2128 nihil
741 2071 864 2129 homine
879 2072 1018 2129 videatur
1031 2072 1109 2129 indi-

218 2175 315 2241 gnius.
332 2169 383 2226 Ad
393 2173 506 2225 maiora
517 2172 600 2224 enim
610 2167 759 2237 quaedam
770 2188 825 2225 nos
836 2175 944 2225 natura
954 2171 1062 2238 genuit
1078 2174 1111 2225 et

219 2264 427 2334 conformavit,
442 2271 477 2321 ut
491 2262 566 2319 mihi
580 2262 704 2334 quidem
716 2263 844 2321 videtur.
869 2263 915 2320 Ac
930 2263 993 2320 fieri
1009 2271 1111 2335 potest

218 2369 254 2419 ut
268 2379 382 2429 errem;
403 2359 458 2417 sed
476 2363 519 2416 ita
538 2378 658 2429 prorsus
674 2364 822 2431 existimo,
837 2379 937 2430 neque
953 2380 1024 2417 eum
1038 2359 1111 2417 Tor-

219 2454 762 2528 quatumquihocprimuscognomen
771 2447 899 2513 invenitl
909 2464 963 2513 aut
971 2432 1111 2527 torquem

220 2552 306 2610 illum
327 2551 408 2610 hosti
429 2551 596 2610 detraxisse
617 2560 652 2609 ut
670 2553 802 2622 aliquam
823 2572 861 2610 ex
883 2572 920 2610 eo
941 2557 1113 2624 perciperet

220 2667 344 2719 corpore
359 2646 546 2718 voluptatem
566 2655 620 2704 aut
634 2668 703 2704 cum
718 2647 834 2705 Latinis
848 2651 941 2705 tertio
955 2647 1112 2705 consulatu

353 2756 478 2808 ¹invenit
489 2760 520 2818 B,
535 2759 571 2815 E;
590 2760 727 2808 invenerit
736 2759 761 2807 A
772 2759 826 2808 and
839 2759 883 2809 inf.
900 2760 978 2808 MSS.

221 2963 238 3012 b
263 2898 414 3012 fldlngreek
424 2899 508 2962 Logic
519 2900 639 2976 taciperto,
647 2901 692 2947 the
700 2898 809 2947 method
818 2899 1000 2963 ofdeiininga
1008 2901 1114 2962 species

224 3096 290 3146 than
302 3111 354 3144 one
366 3103 492 3145 sentence
504 3099 555 3145 has
567 3096 635 3145 been
648 3097 709 3144 lost.

307 3178 346 3229 24
