2332 3698
399 263 549 331 CICERO
572 265 629 330 DE
651 266 820 329 FINIBUS

164 393 303 452 homines
333 401 365 451 et
390 401 494 450 tamen
519 398 651 463 ingeniis
677 391 899 450 excellentibus
926 390 1060 462 praediti

165 488 337 540 excitantur
358 502 449 553 saepe
467 482 573 552 gloria,
591 502 668 553 quae
689 481 784 538 habet
806 484 941 551 speciem
963 479 1059 536 hone-

165 576 252 629 statis
267 578 300 628 et
314 571 552 628 similitudinem.
598 569 689 641 Quod
706 575 731 627 si
748 573 844 640 ipsam
861 568 1060 625 honestatem
1089 579 1093 588 ⁴

165 660 300 731 undique
315 659 483 732 perfectam
493 667 586 729 atque
597 659 776 729 absolutam,
788 677 853 714 rem
864 677 959 714 unam
973 676 1060 728 prae-

165 749 359 806 clarissimam
374 753 509 807 omnium
523 753 715 818 maximeque
728 746 922 816 laudandam,
934 750 1060 817 penitus

165 838 317 910 viderent,
337 857 469 909 quonam
489 838 601 908 gaudio
623 836 859 908 complerentur,
879 855 949 892 cum
971 842 1060 892 tanto

106 933 145 991 70
167 947 259 998 opere
281 932 346 984 eius
368 926 547 984 adumbrata
571 930 713 996 opinione
737 925 912 982 laetentur?
957 922 1061 994 Quem

167 1020 248 1074 enim
272 1015 412 1072 deditum
433 1015 650 1086 voluptatibus,
673 1033 764 1085 quem
787 1013 992 1084 cupiditatum
1015 1016 1061 1069 in-

167 1105 283 1162 cendiis
302 1104 522 1161 inflammatum
541 1107 573 1159 in
592 1107 628 1160 iis
647 1102 801 1173 potiendis
816 1121 893 1172 quae
912 1105 1061 1159 acerrime

167 1197 480 1265 concupivissettanta
487 1192 605 1249 laetitia
612 1191 1062 1263 perfundiarbitramurquanta

166 1291 220 1341 aut
235 1288 419 1354 superiorem
429 1282 607 1338 Africanum
619 1280 794 1338 Hannibale
803 1284 883 1337 victo
894 1286 948 1336 aut
958 1286 1062 1350 poste-

167 1377 276 1429 riorem
289 1371 471 1441 Carthagine
483 1371 608 1427 eversa?
637 1368 738 1439 Quem
749 1369 892 1426 Tiberina
902 1368 1063 1425 descensio

169 1460 248 1517 festo
262 1459 315 1516 illo
329 1460 379 1516 die
394 1466 482 1516 tanto
495 1458 607 1528 gaudio
624 1459 726 1515 affecit
740 1465 854 1529 quanto
869 1457 903 1514 L.
922 1456 1061 1527 Paulum,

169 1568 238 1604 cum
248 1567 353 1618 regem
366 1547 488 1604 Persem
496 1555 619 1618 captum
627 1547 804 1617 adduceret,
817 1546 926 1604 eodem
937 1545 1062 1603 flumine

108 1644 144 1700 71
168 1637 319 1693 invectio?
334 1636 403 1706 Age
412 1655 504 1706 nunc,
511 1635 585 1692 Luci
594 1644 708 1706 noster,
715 1643 838 1694 exstrue
846 1639 947 1691 animo
955 1634 1062 1692 altitu-

170 1726 274 1783 dinem
289 1724 563 1795 excellentiamque
578 1729 743 1793 virtutum;
763 1727 823 1780 iam
836 1742 899 1780 non
913 1723 1063 1781 dubitatis

170 1814 514 1880 quinearumcompotes
523 1808 661 1865 homines
669 1827 780 1878 magno
789 1811 1062 1878 animoerectoque

171 1898 308 1950 viventes
320 1912 439 1963 semper
450 1897 512 1949 sint
521 1894 618 1960 beati;
634 1896 685 1962 qui
694 1911 800 1948 omnes
809 1898 910 1948 motus
919 1890 1062 1948 fortunae

171 1980 416 2046 mutationesque
425 1995 526 2033 rerum
536 1984 569 2032 et
577 1983 749 2046 temporum
757 1975 841 2032 leves
852 1982 885 2032 et
894 1974 1062 2032 imbecillos

171 2059 431 2130 foreintellegant
440 2063 464 2117 si
476 2064 508 2116 in
518 2063 638 2116 virtutis
649 2066 806 2116 certamen
816 2062 965 2115 venerint.
1006 2057 1063 2114 Illa

172 2148 254 2201 enim
268 2163 345 2214 quae
360 2151 432 2200 sunt
446 2164 463 2199 a
477 2143 564 2200 nobis
575 2144 654 2200 bona
665 2146 796 2214 corporis
807 2149 967 2198 numerata
980 2160 1062 2198 com-

171 2228 259 2299 plent
279 2247 314 2284 ea
333 2226 458 2297 quidem
477 2228 681 2284 beatissimam
698 2231 801 2296 vitam,
817 2225 871 2282 sed
888 2229 931 2282 ita
946 2231 981 2281 ut
995 2229 1061 2282 sine

172 2311 231 2367 illis
245 2315 340 2380 possit
355 2310 445 2368 beata
463 2315 526 2367 vita
545 2315 698 2367 exsistere.
744 2308 792 2365 Ita
807 2312 889 2368 enim
904 2328 1014 2380 parvae
1029 2315 1063 2365 et

172 2398 299 2463 exiguae
314 2401 386 2450 sunt
399 2399 476 2451 istae
490 2398 676 2450 accessiones
690 2394 837 2449 bonorum
856 2399 901 2462 ut,
916 2391 1062 2462 quemad·

172 2477 296 2534 modum
319 2477 426 2535 stellae
450 2483 482 2534 in
499 2477 589 2534 radiis
607 2477 686 2547 soliS,
705 2480 746 2533 sic
764 2479 840 2533 istae
863 2480 896 2532 in
912 2480 1061 2533 virtutum

112 2566 150 2622 72
173 2560 333 2631 splendore
349 2581 388 2618 ne
403 2568 567 2618 cernantur
581 2560 713 2631 quidem.
751 2560 854 2630 Atque
869 2559 926 2616 hoc
940 2567 976 2616 ut
990 2578 1061 2616 vere

173 2644 294 2714 dicitur,
309 2664 400 2714 parva
411 2663 477 2702 esse
491 2644 530 2701 ad
550 2645 641 2702 beate
656 2643 819 2701 vivendum
833 2651 989 2701 momenta
1003 2647 1062 2699 ista

173 2733 305 2799 corporis
320 2728 556 2798 commodorum,
571 2732 612 2785 sic
627 2731 717 2784 nimis
730 2727 899 2784 violentum
916 2734 964 2783 est
978 2726 1062 2782 nulla

173 2830 238 2868 esse
267 2811 388 2880 dicere3
420 2816 471 2882 qui
500 2816 583 2868 enim
612 2816 653 2869 sie
682 2811 850 2882 disputant,
875 2809 962 2866 obliti
987 2809 1062 2866 mihi

205 3083 287 3131 ⁸The
304 3082 415 3131 festival
432 3081 464 3130 of
479 3081 546 3130 Fors
565 3082 694 3142 Fortuna,
713 3081 783 3142 June
801 3097 842 3143 24,
861 3079 1004 3129 described
1027 3079 1063 3144 by

174 3147 246 3198 ovid
257 3149 344 3207 Fasti,
357 3149 382 3206 6,
395 3161 452 3211 774.

256 3231 315 3287 472
