2332 3698
422 223 572 282 CICERO
596 223 653 280 DE
676 223 845 282 FINIBUS

186 353 239 403 aut
254 349 311 402 ista
325 345 488 402 didicisset.
524 346 565 402 Et
579 346 660 415 quod
675 350 830 416 quaeritur
843 364 933 416 saepe
948 351 1078 401 curtam

187 458 277 517 m'ulti
302 463 364 516 sint
388 459 539 530 Epicurei,
555 467 627 517 sunt
648 459 724 518 aliae
746 480 866 531 quoque
888 478 1006 528 causae,
1024 456 1078 514 sed

186 571 417 630 multitudinem
437 572 513 631 haec
534 578 665 631 maxime
684 573 780 631 allicit
801 574 882 645 quod
903 577 947 630 ita
968 578 1079 644 putant

186 681 247 738 dici
261 681 299 737 ab
314 680 376 752 illo,
387 690 471 739 recta
486 690 518 740 et
532 682 661 740 honesta
675 702 752 754 quae
767 686 838 752 sint,
850 702 886 740 ea
900 681 1000 739 facere
1015 685 1079 752 ipsa

186 810 241 862 per
255 810 287 848 se
302 789 461 862 laetitiam,
476 792 508 850 id
523 800 570 850 est
584 792 782 864 voluptatem.
809 792 960 848 Homines
971 794 1079 861 optimi

186 923 248 960 non
270 903 461 987 intellegunt
477 912 574 962 totam
593 911 741 963 rationem
758 908 865 991 everti
874 891 901 962 si
917 908 960 961 ita
980 922 1027 960 res
1047 922 1079 960 se

187 1011 305 1069 habeat.
330 1013 410 1069 Nam
421 1018 445 1070 si
457 1014 686 1085 concederetur,
698 1018 816 1071 etiamsi
828 1013 866 1070 ad
881 1032 988 1083 corpus
1003 1010 1079 1068 nihil

186 1120 345 1193 referatur,
360 1128 418 1181 ista
432 1144 485 1181 sua
500 1130 609 1195 sponte
625 1131 657 1180 et
671 1142 727 1194 per
742 1143 773 1180 se
790 1142 855 1180 esse
870 1120 1010 1190 iucunda,
1026 1140 1081 1191 per

186 1250 219 1288 se
231 1239 312 1289 esset
327 1241 359 1291 et
370 1237 464 1290 virtus
479 1241 512 1290 et
527 1237 660 1304 cognitio
675 1253 785 1302 rerum,
794 1231 876 1301 quod
890 1233 1015 1287 minime
1030 1229 1083 1288 ille

186 1341 261 1411 vult,
277 1342 457 1412 expetenda.

104 1447 143 1506 26
229 1435 342 1506 “Haec
353 1453 448 1520 igitur
459 1449 581 1520 Epicuri
593 1469 654 1506 non
663 1449 786 1520 probo,''
798 1452 928 1518 inquam.
948 1433 1021 1504 “De
1032 1466 1088 1517 ce-¹

186 1566 252 1616 tero
263 1557 375 1615 vellem
387 1557 529 1628 equidem
540 1565 593 1615 aut
608 1563 672 1629 ipse
687 1557 833 1614 doctrinis
848 1555 955 1613 suisset
970 1559 1080 1612 instru-

187 1670 263 1723 ctior
280 1653 342 1733 (est
359 1670 451 1737 enim,
469 1647 550 1737 quod
568 1668 624 1724 tibi
638 1671 681 1723 ita
696 1666 930 1734 viderinecesse
946 1672 1002 1733 est,
1018 1684 1080 1722 non

186 1779 258 1833 satis
272 1775 384 1846 politus
399 1780 435 1833 iis
453 1777 568 1834 artibus
582 1796 656 1848 quas
667 1780 719 1847 qui
731 1783 841 1833 tenent
853 1774 965 1832 eruditi
975 1772 1080 1844 appel-

186 1872 311 1954 lantur),
320 1893 374 1942 aut
383 1905 421 1942 ne
434 1884 632 1943 deterruisset
643 1885 716 1942 alios
727 1906 745 1941 a
756 1883 870 1941 studiis.
888 1882 1079 1953 Quamquam

186 1999 218 2048 te
232 1991 357 2062 quidem
371 1993 459 2049 video
473 1997 598 2050 minime
613 2013 679 2050 esse
693 1992 903 2049 deterritum.''

213 2099 313 2156 ¹Vlll.
339 2100 425 2171 Quae
441 2121 509 2158 cum
530 2101 682 2172 dixissem,
698 2105 793 2170 magis
813 2107 848 2157 ut
867 2098 954 2156 illum
973 2119 1079 2169 provo-

186 2219 285 2269 c'arem
310 2233 400 2283 quam
422 2222 457 2272 ut
478 2218 542 2285 ipse
563 2214 714 2286 loquerer,
729 2221 794 2270 turn
815 2213 946 2269 Triarius
967 2211 1080 2269 leniter

185 2321 338 2379 arridens:
362 2310 380 2335 “
390 2324 435 2380 Tu
459 2325 611 2395 quidem,’'
633 2327 742 2393 inquit,
763 2308 891 2378 “totum
914 2321 1079 2391 Epicurum

185 2448 283 2499 paene
309 2451 325 2488 e
351 2432 598 2502 philosophorum
624 2431 715 2488 choro
740 2429 896 2488 sustulisti.
941 2429 1024 2500 Quid
1050 2434 1078 2486 ei

185 2536 334 2608 reliquisti
355 2543 411 2596 nisi
434 2547 477 2609 te,
499 2558 619 2609 quoquo
640 2537 731 2595 modo
752 2537 936 2607 loqueretur,
957 2537 1077 2594 intelle-

185 2666 258 2717 gere
273 2647 347 2717 quid
361 2647 496 2705 diceret?
540 2647 650 2703 Aliena
664 2646 742 2703 dixit
756 2651 789 2702 in
808 2645 949 2717 physiciS,
964 2666 1022 2702 nec
1042 2667 1078 2702 ea

185 2759 249 2827 ipsa
265 2774 343 2826 quae
360 2757 417 2813 tibi
436 2756 643 2826 probarentur.
689 2754 720 2813 Si
741 2774 800 2825 qua
821 2759 853 2811 in
872 2759 908 2811 iis
928 2757 1078 2824 corrigere

185 2862 290 2933 voluit,
314 2863 465 2921 deteriora
493 2862 575 2920 fecit.
631 2862 807 2920 Disserendi
837 2870 934 2919 artem
962 2860 1077 2917 nullam

184 2969 298 3039 habuit.
343 2970 540 3042 Voluptatem
557 2991 627 3028 cum
650 2991 800 3028 summurn
820 2971 934 3027 bonum
951 2968 1076 3039 diceret,

185 3082 316 3149 primum
330 3083 362 3135 in
380 3099 417 3136 eo
436 3085 501 3151 ipso
520 3100 626 3151 parum
646 3079 732 3149 vidit,
747 3078 860 3137 deinde
879 3077 937 3134 hoc
956 3096 1076 3147 quoque

268 3169 308 3219 28
