2332 3698
463 216 613 276 CICERO
636 216 693 274 DE
715 216 884 276 FINIBUS

227 328 351 399 tatibus,
367 312 438 386 ‘tum
461 327 576 385 civibus
599 334 632 384 et
654 330 690 383 iis
713 330 765 396 qui
787 325 910 398 publice
932 329 1009 384 socii
1031 335 1118 398 atquc

227 440 316 492 amici
331 445 412 507 sunt,
428 436 540 494 deinde
556 440 651 493 totius
666 435 826 506 complexu
840 438 944 505 gentis
955 435 1122 502 humanae;

227 563 305 614 quae
319 550 412 601 animi
427 545 546 602 affectio
562 565 649 602 suum
665 548 773 614 cuique
788 544 926 601 tribuens
937 551 1034 614 atque
1046 543 1121 600 hanc

227 672 318 722 quam
332 653 400 710 dico
415 660 594 711 societatem
613 657 835 711 coniunctionis
851 651 1007 711 humanae
1024 656 1121 710 muni·

226 759 282 817 fiee
298 769 331 818 et
350 782 447 833 aeque
466 770 557 820 tuens
577 766 694 819 iustitia
713 761 835 831 dicitur,
850 765 899 818 cui
921 768 996 818 sunt
1014 761 1120 819 adiun-

228 869 295 918 ctae
316 867 423 933 pietaS,
438 864 568 933 bonitas,
586 863 762 930 liberalitas,
780 863 965 932 benignitas,
984 866 1119 931 comitas,

228 980 367 1033 quaeque
396 972 468 1021 sunt
496 967 618 1034 generis
647 962 793 1020 eiusdem.
838 961 942 1033 Atque
971 961 1050 1019 haec
1079 967 1120 1019 ita

226 1065 359 1120 iustitiae
382 1069 503 1134 propria
524 1071 596 1121 sunt
617 1071 653 1120 ut
674 1067 736 1121 sint
761 1066 909 1120 virtutum
934 1062 1119 1133 reliquarum

165 1159 205 1219 66
228 1168 407 1220 communia.
453 1164 533 1220 Nam
548 1183 617 1221 cum
631 1168 674 1220 sic
694 1163 825 1220 hominis
843 1170 952 1219 natura
970 1170 1119 1234 generata

225 1267 265 1320 sit
279 1272 314 1320 ut
330 1264 443 1322 habeat
460 1264 606 1335 quiddam
624 1267 797 1334 ingenitum
815 1267 901 1334 quasi
918 1263 1008 1320 civile
1026 1249 1118 1334 atque

224 1362 379 1435 populare,
402 1365 484 1435 quod
510 1365 619 1422 Graeci
644 1361 799 1421 πολιτικόν
823 1370 943 1434 vocant,
969 1363 1118 1434 quidquid

224 1470 296 1532 aget
314 1484 452 1534 quaeque
472 1469 576 1534 virtus
591 1465 623 1521 id
643 1485 660 1520 a
680 1468 899 1522 communitate
919 1471 952 1520 et
972 1483 1009 1521 ea
1028 1484 1118 1534 quam

224 1568 348 1632 exposui
364 1568 490 1621 caritate
505 1585 540 1621 ac
556 1569 702 1622 societate
715 1564 848 1621 humana
858 1585 920 1621 non
931 1563 1118 1634 abhorrebit,

224 1666 415 1735 vicissimque
430 1668 556 1736 iustitia,
572 1673 607 1722 ut
622 1670 687 1737 ipsa
702 1665 813 1723 fundet
827 1685 860 1723 se
875 1684 932 1723 usu
947 1668 980 1721 in
1000 1672 1118 1723 ceteras

188 1768 195 1778 ’
223 1776 361 1844 virtutes
377 1777 420 1831 sic
435 1774 501 1832 illas
517 1782 651 1846 expetet.
698 1775 816 1832 Servari
831 1777 913 1831 enim
928 1777 1046 1830 iustitia
1059 1778 1118 1831 nisi

222 1902 240 1937 a
255 1881 327 1939 forti
342 1887 414 1953 viro,
430 1887 487 1940 nisi
508 1905 526 1939 a
546 1887 684 1954 sapiente
704 1903 766 1940 non
785 1889 897 1954 potest.
942 1881 1050 1953 Qualis
1070 1889 1117 1940 est

221 1993 316 2060 igitur
331 1996 428 2048 omnis
443 1992 519 2049 haec
535 2011 625 2062 quam
645 1992 713 2049 dico
733 1995 916 2062 conspiratio
936 2010 1116 2050 consensus-

222 2116 286 2168 que‘
297 2103 454 2170 virtutum,
466 2100 528 2157 talc
542 2108 590 2157 est
600 2100 677 2157 illud
688 2105 787 2171 ipsum
798 2099 978 2167 honestum3
993 2101 1116 2170 quando

222 2208 346 2277 quidem
364 2208 528 2265 honestum
547 2216 601 2266 aut
621 2213 685 2280 ipsa
704 2213 800 2266 virtus
820 2215 867 2266 est
886 2216 940 2266 aut
958 2228 1008 2266 res
1028 2217 1116 2280 gesta

222 2320 351 2384 virtute3
373 2317 482 2385 quibus
497 2317 588 2375 rebus
602 2322 664 2375 vita
679 2321 874 2375 consentiens
888 2319 1113 2389 virtutibusque

220 2423 408 2495 respondens
423 2433 507 2482 recta
522 2433 554 2482 et
569 2426 698 2483 honesta
718 2434 750 2483 et
769 2433 911 2483 constans
931 2433 964 2483 et
983 2434 1111 2484 naturae

221 2552 392 2604 congruens
406 2537 572 2591 existimari
587 2542 697 2605 potest.

160 2658 199 2724 67
264 2647 395 2731 “Atque
423 2659 499 2717 haec
528 2664 701 2718 coniunctio
733 2661 931 2735 confusioque
960 2673 1109 2730 virtutum

218 2777 323 2827 tamen
347 2789 364 2824 a
389 2768 576 2840 philosophis
601 2773 718 2827 ratione
744 2771 875 2841 quadam
897 2773 1105 2849 distinguitur.

218 2879 297 2936 Nam
317 2897 387 2934 cum
404 2882 448 2934 ita
466 2877 624 2948 copulatae
643 2898 859 2950 connexaeque
874 2886 937 2941 sint
951 2893 987 2943 ut
1001 2908 1107 2948 omnes

218 2989 354 3044 omniurn
374 2988 538 3057 participes
561 2989 622 3041 sint
644 3006 702 3043 nec
725 2986 784 3044 alia
804 2988 843 3045 ab
865 2989 925 3047 alia
946 3001 1043 3064 possit
1061 3018 1106 3057 se-

221 3099 337 3235 parari}5
348 3102 451 3151 tamen
474 3097 629 3163 proprium
650 3114 738 3154 suum
758 3099 902 3173 cuiusque
921 3119 1033 3163 munus
1050 3113 1106 3183 est,

298 3184 316 3238 4
340 3184 357 3235 8
