2332 3698
439 249 588 307 CICERO
611 249 668 306 DE
691 247 859 308 FlNIBUS

201 372 393 442 intellegitur
407 391 465 428 nec
480 371 678 429 timiditatem
698 375 909 441 ignaviamque
928 367 1092 441 vituperari

202 481 260 519 nec
275 460 488 518 fortitudinem
502 464 742 531 patientiamque
757 460 873 518 laudari
889 480 942 518 suo
957 463 1092 531 nomine,

202 551 256 608 sed
270 550 337 607 illas
351 553 424 607 reici
439 553 509 619 quia
528 548 664 607 dolorem
683 554 812 621 pariant,
828 550 882 606 has
902 553 1000 621 optari
1021 553 1093 620 quia

202 639 399 710 voluptatem.

141 736 180 787 50
243 727 326 786 XVI.
343 714 362 740 “
370 727 489 785 lustitia
500 735 604 798 restat,
611 735 646 785 ut
655 728 693 785 de
703 733 904 786 omnivirtute
911 732 951 785 sit
959 727 1091 796 dictum;

202 817 257 877 sed
271 817 379 876 similia
393 817 457 874 fere
472 816 532 874 dici
552 825 686 889 possunt.
733 817 777 875 Ut
796 822 878 875 enim
899 821 1091 889 sapientiam,

201 911 445 979 temperantiam,
455 906 667 964 fortitudinem
679 907 833 978 copulatas
845 927 910 964 esse
922 906 1011 963 docui
1021 927 1091 964 cum

202 997 358 1068 voluptate
373 1003 408 1054 ut
422 997 461 1053 ab
481 1016 516 1053 ea
536 996 620 1053 nullo
639 995 730 1053 modo
749 1016 807 1053 nec
827 995 932 1054 divelli
951 1015 1009 1053 nec
1030 995 1091 1054 dis-

201 1085 281 1144 trahi
296 1089 422 1157 possint,
434 1088 476 1142 sic
487 1085 526 1142 de
537 1089 653 1142 iustitia
664 1084 858 1142 iudicandum
871 1092 928 1154 est,
939 1104 1016 1155 quae
1028 1105 1090 1142 non

200 1175 291 1233 modo
310 1194 475 1246 numquam
494 1182 586 1232 nocet
606 1179 755 1245 cuiquam,
771 1174 825 1232 sed
845 1182 951 1231 contra
971 1194 1092 1245 semper

200 1264 314 1336 aliquid
342 1252 495 1335 impertit1
519 1283 588 1321 cum
617 1283 670 1321 sua
694 1268 723 1333 vi
747 1271 840 1333 atque
865 1271 983 1334 natura,
1009 1264 1090 1334 quod

200 1352 379 1424 tranquillet
392 1356 517 1422 animos,
532 1359 599 1409 tum
619 1373 672 1423 spe
692 1352 769 1410 nihil
789 1372 893 1410 earum
913 1372 1014 1409 rerum
1034 1353 1088 1410 de-

200 1444 337 1516 futurum
351 1461 424 1511 quas
443 1448 552 1497 natura
566 1461 628 1498 non
647 1440 811 1512 depravata
825 1440 987 1498 desideret.
1031 1433 1090 1499 Εἰ2

153 1601 155 1605 Ι
199 1529 455 1603 quemadmodum
470 1534 627 1587 temeritas
642 1537 675 1588 et
688 1529 783 1587 libido
795 1535 846 1588 et
838 1535 958 1600 ignavia
969 1550 1089 1602 semper

199 1625 333 1679 animum
354 1623 529 1676 excruciant
548 1626 581 1676 et
602 1639 721 1690 semper
743 1620 909 1677 sollicitant
929 1611 1098 1678 turbulenss

198 1695 309 1781 taeque
328 1715 409 1779 sunt,
429 1712 471 1766 sic
488 1698 724 1780 improbitas³
682 1713 706 1766 si
745 1714 828 1766 cuius
848 1713 880 1765 in
897 1716 1002 1766 mente
1017 1728 1089 1766 con-

198 1800 288 1870 sedit,
310 1799 397 1856 hoc
389 1818 454 1869 rpso
476 1798 558 1869 quod
578 1799 666 1856 adest
687 1798 865 1856 turbulenta
887 1805 949 1867 est;
971 1803 995 1856 si
1017 1819 1089 1857 vero

198 1889 304 1947 molita
324 1888 479 1958 quidpiam
500 1896 556 1958 est,
571 1892 708 1958 quamvis
727 1887 847 1945 occulte
867 1887 985 1957 fecerit,
1000 1907 1088 1945 num-

198 1998 290 2050 quam
317 1984 422 2034 tamen
451 1976 482 2032 id
512 1976 645 2033 confidet
673 1975 738 2033 fore
768 1996 888 2047 semper
924 1976 1085 2034 occultum.

198 2067 381 2136 Plerumque
406 2065 611 2135 improborum
634 2064 715 2121 facta
737 2069 834 2136 primo
857 2069 986 2136 suspicio
1008 2068 1088 2123 inse-

197 2161 310 2228 quitur,
325 2154 398 2212 dein
417 2173 516 2211 sermo
535 2160 627 2224 atque
647 2153 736 2223 fama,
751 2160 819 2210 tum
838 2161 1003 2223 accusator,
1021 2161 1087 2210 tum

198 2245 305 2314 iudex3
326 2243 416 2301 multi
431 2246 534 2313 etiam,
549 2249 585 2299 ut
603 2249 636 2299 te
657 2242 790 2313 consule,
806 2246 863 2314 ipsi
883 2262 915 2300 se
935 2243 1087 2301 indicave-

137 2343 171 2394 51
197 2342 278 2392 runt.
323 2331 414 2402 Quod
429 2335 454 2390 si
473 2335 525 2402 qui
545 2335 618 2388 satis
638 2332 694 2389 sibi
715 2340 820 2389 contra
838 2331 996 2389 hominum
1016 2352 1086 2389 con-

197 2425 356 2481 scientiam
381 2424 479 2492 saepti
504 2439 569 2477 esse
595 2428 628 2478 et
652 2425 762 2478 muniti
785 2421 938 2492 videntur,
960 2421 1086 2478 deorum

197 2521 302 2570 tamen
330 2510 466 2580 horrent,
489 2528 600 2580 easque
629 2513 708 2581 ipsas
733 2508 952 2567 sollicitudines
978 2510 1086 2579 quibus

197 2620 302 2659 eorum
316 2603 409 2655 animi
423 2606 590 2668 noctesque
604 2597 731 2668 diesque
752 2597 924 2655 exeduntur
938 2619 956 2654 a
970 2598 1016 2656 dis
1031 2603 1087 2656 im-

197 2689 375 2746 mortalibus
398 2687 526 2759 supplici
548 2706 637 2743 causa
658 2690 814 2757 importari
835 2694 953 2758 putant.
999 2686 1086 2758 Quae

196 2785 301 2836 autem
316 2784 403 2834 tanta
418 2796 455 2834 ex
476 2777 620 2847 improbis
640 2775 729 2832 factis
748 2775 787 2832 ad
806 2775 987 2834 minuendas
1006 2780 1087 2835 vitae

144 2941 146 2944 ’
227 2942 235 2973 ¹
248 2943 368 3007 impertit
379 2939 502 3005 supplied
515 2940 550 3004 by
563 2940 674 2998 Miller3
693 2939 767 2989 Mdv
782 2941 876 2989 marks
888 2941 994 2988 lacuna.

228 3007 284 3056 2Εἰ
294 3008 413 3056 inserted
425 3006 460 3072 by
474 3007 547 3054 Mdv.

229 3074 403 3138 ”improbitas
418 3073 446 3120 si
463 3071 587 3136 supplied
607 3071 642 3136 by
662 3071 734 3120 Mdv.
755 3070 807 3135 (cp.
831 3070 1015 3134 improbommr,
1038 3071 1088 3119 im-

195 3140 281 3205 probe,
294 3138 428 3204 improbis,
441 3137 634 3201 improbitatem
647 3136 753 3199 below).

278 3221 317 3274 54
