<?xml version="1.0" encoding="UTF-8"?>
<!DOCTYPE html PUBLIC "-//W3C//DTD XHTML 1.0 Transitional//EN"
    "http://www.w3.org/TR/xhtml1/DTD/xhtml1-transitional.dtd">
<html xmlns="http://www.w3.org/1999/xhtml" xml:lang="en" lang="en">
 <head>
  <title>
</title>
<meta http-equiv="Content-Type" content="text/html;charset=utf-8" />
  <meta name='ocr-system' content='tesseract 3.04.00' />
  <meta name='ocr-capabilities' content='ocr_page ocr_carea ocr_par ocr_line ocrx_word'/>
</head>
<body>
  <div class='ocr_page' id='page_1' title='image "./definibusbonoru03cicegoog_0479.png"; bbox 0 0 2332 3698; ppageno 0'>
   <div class='ocr_carea' id='block_1_1' title="bbox 465 199 886 258">
    <p class='ocr_par' dir='ltr' id='par_1_1' title="bbox 465 199 886 258">
     <span class='ocr_line' id='line_1_1' title="bbox 465 199 886 258; baseline 0.002 -1"><span class='ocrx_word' id='word_1_1' title='bbox 465 199 615 258; x_wconf 86' lang='lat' dir='ltr'>CICERO</span> <span class='ocrx_word' id='word_1_2' title='bbox 638 199 695 256; x_wconf 86' lang='lat' dir='ltr'><strong>DE</strong></span> <span class='ocrx_word' id='word_1_3' title='bbox 718 199 886 258; x_wconf 90' lang='lat' dir='ltr'><strong>FINIBUS</strong></span> 
     </span>
    </p>
   </div>
   <div class='ocr_carea' id='block_1_2' title="bbox 168 319 1120 967">
    <p class='ocr_par' dir='ltr' id='par_1_2' title="bbox 168 319 1120 967">
     <span class='ocr_line' id='line_1_2' title="bbox 168 319 1120 391; baseline 0.002 -14"><span class='ocrx_word' id='word_1_4' title='bbox 168 326 207 377; x_wconf 78' lang='lat'><strong>43</strong></span> <span class='ocrx_word' id='word_1_5' title='bbox 230 340 358 391; x_wconf 91' lang='lat' dir='ltr'><strong>quorum</strong></span> <span class='ocrx_word' id='word_1_6' title='bbox 379 324 444 378; x_wconf 92' lang='lat' dir='ltr'><strong>sine</strong></span> <span class='ocrx_word' id='word_1_7' title='bbox 467 340 556 377; x_wconf 89' lang='lat' dir='ltr'><strong>causa</strong></span> <span class='ocrx_word' id='word_1_8' title='bbox 581 320 645 377; x_wconf 86' lang='lat' dir='ltr'><strong>fieri</strong></span> <span class='ocrx_word' id='word_1_9' title='bbox 671 319 747 377; x_wconf 90' lang='lat' dir='ltr'><strong>nihil</strong></span> <span class='ocrx_word' id='word_1_10' title='bbox 772 320 946 391; x_wconf 89' lang='lat' dir='ltr'><strong>putandum</strong></span> <span class='ocrx_word' id='word_1_11' title='bbox 967 328 1026 379; x_wconf 74' lang='lat' dir='ltr'><strong>est,</strong></span> <span class='ocrx_word' id='word_1_12' title='bbox 1073 321 1120 379; x_wconf 84' lang='lat' dir='ltr'><strong>Est</strong></span> 
     </span>
     <span class='ocr_line' id='line_1_3' title="bbox 229 416 1120 487; baseline 0.001 -14"><span class='ocrx_word' id='word_1_13' title='bbox 229 420 312 473; x_wconf 91' lang='lat' dir='ltr'><strong>enim</strong></span> <span class='ocrx_word' id='word_1_14' title='bbox 327 423 435 473; x_wconf 89' lang='lat' dir='ltr'><strong>natura</strong></span> <span class='ocrx_word' id='word_1_15' title='bbox 450 420 492 473; x_wconf 93' lang='lat' dir='ltr'><strong>sic</strong></span> <span class='ocrx_word' id='word_1_16' title='bbox 507 424 654 487; x_wconf 79' lang='lat' dir='ltr'><strong>generata</strong></span> <span class='ocrx_word' id='word_1_17' title='bbox 669 419 713 474; x_wconf 90' lang='lat' dir='ltr'><strong>vis</strong></span> <span class='ocrx_word' id='word_1_18' title='bbox 733 416 864 473; x_wconf 91' lang='lat' dir='ltr'><strong>hominis</strong></span> <span class='ocrx_word' id='word_1_19' title='bbox 883 424 921 473; x_wconf 90' lang='lat' dir='ltr'><strong>ut</strong></span> <span class='ocrx_word' id='word_1_20' title='bbox 939 417 982 474; x_wconf 91' lang='lat' dir='ltr'><strong>ad</strong></span> <span class='ocrx_word' id='word_1_21' title='bbox 1002 437 1120 475; x_wconf 89' lang='lat' dir='ltr'><strong>omnem</strong></span> 
     </span>
     <span class='ocr_line' id='line_1_4' title="bbox 229 510 1120 585; baseline 0.002 -17"><span class='ocrx_word' id='word_1_22' title='bbox 229 516 374 568; x_wconf 90' lang='lat' dir='ltr'><strong>virtutem</strong></span> <span class='ocrx_word' id='word_1_23' title='bbox 398 511 626 582; x_wconf 86' lang='lat' dir='ltr'><strong>percipiendam</strong></span> <span class='ocrx_word' id='word_1_24' title='bbox 651 510 732 568; x_wconf 85' lang='lat' dir='ltr'><strong>facta</strong></span> <span class='ocrx_word' id='word_1_25' title='bbox 755 511 907 583; x_wconf 82' lang='lat' dir='ltr'><strong>videatur,</strong></span> <span class='ocrx_word' id='word_1_26' title='bbox 928 512 970 569; x_wconf 94' lang='lat' dir='ltr'><strong>ob</strong></span> <span class='ocrx_word' id='word_1_27' title='bbox 996 533 1120 585; x_wconf 89' lang='lat' dir='ltr'><strong>eamque</strong></span> 
     </span>
     <span class='ocr_line' id='line_1_5' title="bbox 229 607 1120 678; baseline 0.003 -15"><span class='ocrx_word' id='word_1_28' title='bbox 229 627 348 664; x_wconf 85' lang='lat' dir='ltr'><strong>causam</strong></span> <span class='ocrx_word' id='word_1_29' title='bbox 377 612 460 678; x_wconf 89' lang='lat' dir='ltr'><strong>parvi</strong></span> <span class='ocrx_word' id='word_1_30' title='bbox 489 612 638 664; x_wconf 86' lang='lat' dir='ltr'><strong>virtutum</strong></span> <span class='ocrx_word' id='word_1_31' title='bbox 666 607 831 664; x_wconf 85' lang='lat' dir='ltr'><strong>simulacris</strong></span> <span class='ocrx_word' id='word_1_32' title='bbox 861 627 991 678; x_wconf 87' lang='lat' dir='ltr'><strong>quarum</strong></span> <span class='ocrx_word' id='word_1_33' title='bbox 1026 613 1061 666; x_wconf 92' lang='lat' dir='ltr'><strong>in</strong></span> <span class='ocrx_word' id='word_1_34' title='bbox 1092 628 1120 666; x_wconf 89' lang='lat' dir='ltr'><strong>se</strong></span> 
     </span>
     <span class='ocr_line' id='line_1_6' title="bbox 228 702 1120 772; baseline 0.003 -13"><span class='ocrx_word' id='word_1_35' title='bbox 228 702 344 760; x_wconf 88' lang='lat' dir='ltr'><strong>habent</strong></span> <span class='ocrx_word' id='word_1_36' title='bbox 364 707 479 760; x_wconf 85' lang='lat' dir='ltr'><strong>semina</strong></span> <span class='ocrx_word' id='word_1_37' title='bbox 498 707 563 760; x_wconf 90' lang='lat' dir='ltr'><strong>sine</strong></span> <span class='ocrx_word' id='word_1_38' title='bbox 583 702 722 760; x_wconf 86' lang='lat' dir='ltr'><strong>doctrina</strong></span> <span class='ocrx_word' id='word_1_39' title='bbox 743 711 919 772; x_wconf 82' lang='lat' dir='ltr'><strong>moventur3</strong></span> <span class='ocrx_word' id='word_1_40' title='bbox 942 712 1018 762; x_wconf 86' lang='lat' dir='ltr'><strong>sunt</strong></span> <span class='ocrx_word' id='word_1_41' title='bbox 1043 709 1120 764; x_wconf 88' lang='lat' dir='ltr'><strong>enim</strong></span> 
     </span>
     <span class='ocr_line' id='line_1_7' title="bbox 228 799 1120 875; baseline 0.002 -20"><span class='ocrx_word' id='word_1_42' title='bbox 228 803 326 870; x_wconf 89' lang='lat' dir='ltr'><strong>prima</strong></span> <span class='ocrx_word' id='word_1_43' title='bbox 340 799 495 856; x_wconf 87' lang='lat' dir='ltr'><strong>elementa</strong></span> <span class='ocrx_word' id='word_1_44' title='bbox 508 806 646 870; x_wconf 86' lang='lat' dir='ltr'><strong>naturae,</strong></span> <span class='ocrx_word' id='word_1_45' title='bbox 661 799 770 869; x_wconf 92' lang='lat' dir='ltr'><strong>quibus</strong></span> <span class='ocrx_word' id='word_1_46' title='bbox 781 803 881 875; x_wconf 24' lang='lat' dir='ltr'><strong>,auctis</strong></span> <span class='ocrx_word' id='word_1_47' title='bbox 896 803 1021 858; x_wconf 84' lang='lat' dir='ltr'><strong>virtutis</strong></span> <span class='ocrx_word' id='word_1_48' title='bbox 1039 805 1120 872; x_wconf 81' lang='lat' dir='ltr'><strong>quasi</strong></span> 
     </span>
     <span class='ocr_line' id='line_1_8' title="bbox 227 884 1120 967; baseline 0.004 -16"><span class='ocrx_word' id='word_1_49' title='bbox 227 884 371 965; x_wconf 84' lang='lat' dir='ltr'><strong>germen¹</strong></span> <span class='ocrx_word' id='word_1_50' title='bbox 388 895 523 951; x_wconf 89' lang='lat' dir='ltr'><strong>efficitur.</strong></span> <span class='ocrx_word' id='word_1_51' title='bbox 569 895 648 951; x_wconf 89' lang='lat' dir='ltr'><strong>Nam</strong></span> <span class='ocrx_word' id='word_1_52' title='bbox 663 914 733 951; x_wconf 89' lang='lat' dir='ltr'><strong>cum</strong></span> <span class='ocrx_word' id='word_1_53' title='bbox 747 899 790 952; x_wconf 87' lang='lat' dir='ltr'><strong>ita</strong></span> <span class='ocrx_word' id='word_1_54' title='bbox 800 899 867 952; x_wconf 89' lang='lat' dir='ltr'><strong>nati</strong></span> <span class='ocrx_word' id='word_1_55' title='bbox 877 895 1015 967; x_wconf 86' lang='lat' dir='ltr'><strong>factique</strong></span> <span class='ocrx_word' id='word_1_56' title='bbox 1030 901 1120 955; x_wconf 91' lang='lat' dir='ltr'><strong>simus</strong></span> 
     </span>
    </p>
   </div>
   <div class='ocr_carea' id='block_1_3' title="bbox 162 989 1160 2838">
    <p class='ocr_par' dir='ltr' id='par_1_3' title="bbox 223 989 1160 2115">
     <span class='ocr_line' id='line_1_9' title="bbox 229 989 1119 1061; baseline 0.002 -14"><span class='ocrx_word' id='word_1_57' title='bbox 229 999 264 1048; x_wconf 89' lang='lat' dir='ltr'><strong>ut</strong></span> <span class='ocrx_word' id='word_1_58' title='bbox 278 997 311 1047; x_wconf 93' lang='lat' dir='ltr'><strong>et</strong></span> <span class='ocrx_word' id='word_1_59' title='bbox 325 990 438 1060; x_wconf 84' lang='lat' dir='ltr'><strong>agendi</strong></span> <span class='ocrx_word' id='word_1_60' title='bbox 452 989 567 1060; x_wconf 89' lang='lat' dir='ltr'><strong>aliquid</strong></span> <span class='ocrx_word' id='word_1_61' title='bbox 582 997 615 1047; x_wconf 88' lang='lat' dir='ltr'><strong>et</strong></span> <span class='ocrx_word' id='word_1_62' title='bbox 629 989 778 1059; x_wconf 85' lang='lat' dir='ltr'><strong>diligendi</strong></span> <span class='ocrx_word' id='word_1_63' title='bbox 798 990 914 1061; x_wconf 89' lang='lat' dir='ltr'><strong>aliquos</strong></span> <span class='ocrx_word' id='word_1_64' title='bbox 935 998 969 1049; x_wconf 90' lang='lat' dir='ltr'><strong>et</strong></span> <span class='ocrx_word' id='word_1_65' title='bbox 989 990 1119 1050; x_wconf 89' lang='lat' dir='ltr'><strong>liberali·</strong></span> 
     </span>
     <span class='ocr_line' id='line_1_10' title="bbox 227 1078 1119 1150; baseline 0.003 -14"><span class='ocrx_word' id='word_1_66' title='bbox 227 1083 299 1137; x_wconf 86' lang='lat' dir='ltr'><strong>tatis</strong></span> <span class='ocrx_word' id='word_1_67' title='bbox 315 1087 348 1136; x_wconf 88' lang='lat' dir='ltr'><strong>et</strong></span> <span class='ocrx_word' id='word_1_68' title='bbox 362 1078 541 1136; x_wconf 84' lang='lat' dir='ltr'>referendae</span> <span class='ocrx_word' id='word_1_69' title='bbox 556 1082 672 1149; x_wconf 83' lang='lat' dir='ltr'><strong>gratiae</strong></span> <span class='ocrx_word' id='word_1_70' title='bbox 683 1083 830 1150; x_wconf 90' lang='lat' dir='ltr'><strong>principia</strong></span> <span class='ocrx_word' id='word_1_71' title='bbox 841 1083 874 1135; x_wconf 91' lang='lat' dir='ltr'><strong>in</strong></span> <span class='ocrx_word' id='word_1_72' title='bbox 884 1080 972 1137; x_wconf 91' lang='lat' dir='ltr'><strong>nobis</strong></span> <span class='ocrx_word' id='word_1_73' title='bbox 983 1086 1119 1139; x_wconf 88' lang='lat' dir='ltr'><strong>contine·</strong></span> 
     </span>
     <span class='ocr_line' id='line_1_11' title="bbox 227 1168 1150 1239; baseline 0.003 -15"><span class='ocrx_word' id='word_1_74' title='bbox 227 1188 327 1225; x_wconf 91' lang='lat' dir='ltr'><strong>remus</strong></span> <span class='ocrx_word' id='word_1_75' title='bbox 341 1177 433 1239; x_wconf 90' lang='lat' dir='ltr'><strong>atque</strong></span> <span class='ocrx_word' id='word_1_76' title='bbox 448 1168 487 1225; x_wconf 90' lang='lat' dir='ltr'><strong>ad</strong></span> <span class='ocrx_word' id='word_1_77' title='bbox 502 1172 671 1237; x_wconf 87' lang='lat' dir='ltr'><strong>seientiam,</strong></span> <span class='ocrx_word' id='word_1_78' title='bbox 686 1168 890 1238; x_wconf 77' lang='lat' dir='ltr'><strong>prudentiam,</strong></span> <span class='ocrx_word' id='word_1_79' title='bbox 905 1169 1118 1228; x_wconf 87' lang='lat' dir='ltr'><strong>fortitudinem</strong></span> <span class='ocrx_word' id='word_1_80' title='bbox 1147 1182 1150 1196; x_wconf 87' lang='lat'><strong>¹</strong></span> 
     </span>
     <span class='ocr_line' id='line_1_12' title="bbox 225 1256 1118 1329; baseline 0.003 -15"><span class='ocrx_word' id='word_1_81' title='bbox 225 1265 312 1328; x_wconf 88' lang='lat' dir='ltr'><strong>aptos</strong></span> <span class='ocrx_word' id='word_1_82' title='bbox 321 1261 436 1314; x_wconf 90' lang='lat' dir='ltr'><strong>animos</strong></span> <span class='ocrx_word' id='word_1_83' title='bbox 445 1256 625 1314; x_wconf 86' lang='lat' dir='ltr'><strong>haberemus</strong></span> <span class='ocrx_word' id='word_1_84' title='bbox 635 1276 654 1312; x_wconf 92' lang='lat' dir='ltr'><strong>a</strong></span> <span class='ocrx_word' id='word_1_85' title='bbox 664 1261 881 1327; x_wconf 82' lang='lat' dir='ltr'><strong>contrariisque</strong></span> <span class='ocrx_word' id='word_1_86' title='bbox 892 1258 984 1316; x_wconf 89' lang='lat' dir='ltr'><strong>rebus</strong></span> <span class='ocrx_word' id='word_1_87' title='bbox 995 1259 1118 1329; x_wconf 88' lang='lat' dir='ltr'><strong>alienos,</strong></span> 
     </span>
     <span class='ocr_line' id='line_1_13' title="bbox 225 1345 1118 1419; baseline 0.004 -17"><span class='ocrx_word' id='word_1_88' title='bbox 225 1366 287 1403; x_wconf 91' lang='lat' dir='ltr'><strong>non</strong></span> <span class='ocrx_word' id='word_1_89' title='bbox 302 1351 367 1403; x_wconf 88' lang='lat' dir='ltr'><strong>sine</strong></span> <span class='ocrx_word' id='word_1_90' title='bbox 382 1366 471 1403; x_wconf 86' lang='lat' dir='ltr'><strong>causa</strong></span> <span class='ocrx_word' id='word_1_91' title='bbox 486 1365 535 1407; x_wconf 88' lang='lat' dir='ltr'><strong>eas</strong></span> <span class='ocrx_word' id='word_1_92' title='bbox 550 1365 624 1416; x_wconf 87' lang='lat' dir='ltr'><strong>quas</strong></span> <span class='ocrx_word' id='word_1_93' title='bbox 638 1345 701 1402; x_wconf 86' lang='lat' dir='ltr'><strong>dixi</strong></span> <span class='ocrx_word' id='word_1_94' title='bbox 715 1349 747 1402; x_wconf 92' lang='lat' dir='ltr'><strong>in</strong></span> <span class='ocrx_word' id='word_1_95' title='bbox 762 1349 863 1416; x_wconf 92' lang='lat' dir='ltr'><strong>pueris</strong></span> <span class='ocrx_word' id='word_1_96' title='bbox 874 1349 1025 1404; x_wconf 89' lang='lat' dir='ltr'><strong>virtutum</strong></span> <span class='ocrx_word' id='word_1_97' title='bbox 1036 1352 1118 1419; x_wconf 86' lang='lat' dir='ltr'><strong>quasi</strong></span> 
     </span>
     <span class='ocr_line' id='line_1_14' title="bbox 226 1434 1118 1506; baseline 0.004 -16"><span class='ocrx_word' id='word_1_98' title='bbox 226 1435 372 1491; x_wconf 87' lang='lat' dir='ltr'><strong>scintillas</strong></span> <span class='ocrx_word' id='word_1_99' title='bbox 386 1434 533 1503; x_wconf 90' lang='lat' dir='ltr'><strong>videmus,</strong></span> <span class='ocrx_word' id='word_1_100' title='bbox 550 1454 567 1490; x_wconf 93' lang='lat' dir='ltr'><strong>e</strong></span> <span class='ocrx_word' id='word_1_101' title='bbox 582 1434 691 1504; x_wconf 91' lang='lat' dir='ltr'><strong>quibus</strong></span> <span class='ocrx_word' id='word_1_102' title='bbox 704 1434 831 1491; x_wconf 88' lang='lat' dir='ltr'><strong>accendi</strong></span> <span class='ocrx_word' id='word_1_103' title='bbox 848 1434 1023 1506; x_wconf 88' lang='lat' dir='ltr'><strong>philosophi</strong></span> <span class='ocrx_word' id='word_1_104' title='bbox 1043 1441 1118 1495; x_wconf 87' lang='lat' dir='ltr'><strong>ratio</strong></span> 
     </span>
     <span class='ocr_line' id='line_1_15' title="bbox 227 1522 1118 1595; baseline 0.004 -15"><span class='ocrx_word' id='word_1_105' title='bbox 227 1523 330 1592; x_wconf 89' lang='lat' dir='ltr'><strong>debet,</strong></span> <span class='ocrx_word' id='word_1_106' title='bbox 354 1530 390 1580; x_wconf 89' lang='lat' dir='ltr'><strong>ut</strong></span> <span class='ocrx_word' id='word_1_107' title='bbox 413 1543 480 1579; x_wconf 92' lang='lat' dir='ltr'><strong>eam</strong></span> <span class='ocrx_word' id='word_1_108' title='bbox 503 1527 588 1593; x_wconf 89' lang='lat' dir='ltr'><strong>quasi</strong></span> <span class='ocrx_word' id='word_1_109' title='bbox 614 1522 706 1579; x_wconf 92' lang='lat' dir='ltr'><strong>deum</strong></span> <span class='ocrx_word' id='word_1_110' title='bbox 731 1523 840 1580; x_wconf 89' lang='lat' dir='ltr'><strong>ducem</strong></span> <span class='ocrx_word' id='word_1_111' title='bbox 866 1524 1057 1595; x_wconf 91' lang='lat' dir='ltr'><strong>subsequens</strong></span> <span class='ocrx_word' id='word_1_112' title='bbox 1081 1526 1118 1584; x_wconf 88' lang='lat' dir='ltr'><strong>ad</strong></span> 
     </span>
     <span class='ocr_line' id='line_1_16' title="bbox 225 1613 1118 1685; baseline 0.004 -17"><span class='ocrx_word' id='word_1_113' title='bbox 225 1620 351 1669; x_wconf 89' lang='lat' dir='ltr'><strong>naturae</strong></span> <span class='ocrx_word' id='word_1_114' title='bbox 375 1615 533 1683; x_wconf 86' lang='lat' dir='ltr'><strong>perveniat</strong></span> <span class='ocrx_word' id='word_1_115' title='bbox 556 1618 735 1668; x_wconf 86' lang='lat' dir='ltr'><strong>extremum.</strong></span> <span class='ocrx_word' id='word_1_116' title='bbox 781 1613 860 1669; x_wconf 89' lang='lat' dir='ltr'><strong>Nam</strong></span> <span class='ocrx_word' id='word_1_117' title='bbox 886 1621 920 1670; x_wconf 88' lang='lat' dir='ltr'><strong>ut</strong></span> <span class='ocrx_word' id='word_1_118' title='bbox 943 1632 1036 1685; x_wconf 87' lang='lat' dir='ltr'><strong>saepe</strong></span> <span class='ocrx_word' id='word_1_119' title='bbox 1059 1619 1118 1672; x_wconf 88' lang='lat' dir='ltr'><strong>iam</strong></span> 
     </span>
     <span class='ocr_line' id='line_1_17' title="bbox 225 1688 1118 1771; baseline 0.004 -13"><span class='ocrx_word' id='word_1_120' title='bbox 225 1701 288 1758; x_wconf 84' lang='lat' dir='ltr'><strong>dixi</strong></span> <span class='ocrx_word' id='word_1_121' title='bbox 299 1705 330 1758; x_wconf 92' lang='lat' dir='ltr'><strong>in</strong></span> <span class='ocrx_word' id='word_1_122' title='bbox 342 1700 460 1758; x_wconf 86' lang='lat' dir='ltr'><strong>infirma</strong></span> <span class='ocrx_word' id='word_1_123' title='bbox 470 1707 572 1757; x_wconf 86' lang='lat' dir='ltr'><strong>aetate</strong></span> <span class='ocrx_word' id='word_1_124' title='bbox 583 1688 795 1771; x_wconf 89' lang='lat' dir='ltr'><strong>imbecillaque</strong></span> <span class='ocrx_word' id='word_1_125' title='bbox 809 1708 915 1759; x_wconf 91' lang='lat' dir='ltr'><strong>mente</strong></span> <span class='ocrx_word' id='word_1_126' title='bbox 930 1706 974 1759; x_wconf 84' lang='lat' dir='ltr'><strong>vis</strong></span> <span class='ocrx_word' id='word_1_127' title='bbox 989 1711 1118 1762; x_wconf 85' lang='lat' dir='ltr'><strong>naturae</strong></span> 
     </span>
     <span class='ocr_line' id='line_1_18' title="bbox 224 1789 1119 1862; baseline 0.003 -14"><span class='ocrx_word' id='word_1_128' title='bbox 224 1794 309 1862; x_wconf 86' lang='lat' dir='ltr'><strong>quasi</strong></span> <span class='ocrx_word' id='word_1_129' title='bbox 322 1810 377 1862; x_wconf 89' lang='lat' dir='ltr'><strong>per</strong></span> <span class='ocrx_word' id='word_1_130' title='bbox 388 1789 549 1859; x_wconf 86' lang='lat' dir='ltr'><strong>caliginem</strong></span> <span class='ocrx_word' id='word_1_131' title='bbox 560 1793 710 1857; x_wconf 81' lang='lat' dir='ltr'><strong>cernitur3</strong></span> <span class='ocrx_word' id='word_1_132' title='bbox 724 1809 793 1846; x_wconf 90' lang='lat' dir='ltr'><strong>cum</strong></span> <span class='ocrx_word' id='word_1_133' title='bbox 804 1798 907 1847; x_wconf 89' lang='lat' dir='ltr'><strong>autem</strong></span> <span class='ocrx_word' id='word_1_134' title='bbox 918 1792 1119 1862; x_wconf 84' lang='lat' dir='ltr'><strong>progrediens</strong></span> 
     </span>
     <span class='ocr_line' id='line_1_19' title="bbox 225 1878 1118 1950; baseline 0.006 -13"><span class='ocrx_word' id='word_1_135' title='bbox 225 1880 418 1937; x_wconf 84' lang='lat' dir='ltr'><strong>confirmatur</strong></span> <span class='ocrx_word' id='word_1_136' title='bbox 446 1882 574 1948; x_wconf 88' lang='lat' dir='ltr'><strong>animus,</strong></span> <span class='ocrx_word' id='word_1_137' title='bbox 598 1882 736 1948; x_wconf 84' lang='lat' dir='ltr'><strong>agnoscit</strong></span> <span class='ocrx_word' id='word_1_138' title='bbox 761 1878 813 1937; x_wconf 92' lang='lat' dir='ltr'><strong>ille</strong></span> <span class='ocrx_word' id='word_1_139' title='bbox 839 1880 963 1950; x_wconf 90' lang='lat' dir='ltr'><strong>quidem</strong></span> <span class='ocrx_word' id='word_1_140' title='bbox 988 1890 1118 1941; x_wconf 86' lang='lat' dir='ltr'><strong>naturae</strong></span> 
     </span>
     <span class='ocr_line' id='line_1_20' title="bbox 224 1967 1160 2039; baseline 0.004 -13"><span class='ocrx_word' id='word_1_141' title='bbox 224 1974 295 2039; x_wconf 91' lang='lat' dir='ltr'><strong>vim,</strong></span> <span class='ocrx_word' id='word_1_142' title='bbox 317 1968 372 2026; x_wconf 95' lang='lat' dir='ltr'><strong>sed</strong></span> <span class='ocrx_word' id='word_1_143' title='bbox 392 1973 436 2024; x_wconf 86' lang='lat' dir='ltr'><strong>ita</strong></span> <span class='ocrx_word' id='word_1_144' title='bbox 457 1975 493 2025; x_wconf 91' lang='lat' dir='ltr'><strong>ut</strong></span> <span class='ocrx_word' id='word_1_145' title='bbox 513 1967 655 2038; x_wconf 85' lang='lat' dir='ltr'><strong>progredi</strong></span> <span class='ocrx_word' id='word_1_146' title='bbox 677 1972 772 2038; x_wconf 80' lang='lat' dir='ltr'><strong>possit</strong></span> <span class='ocrx_word' id='word_1_147' title='bbox 792 1968 922 2039; x_wconf 84' lang='lat' dir='ltr'><strong>longius,</strong></span> <span class='ocrx_word' id='word_1_148' title='bbox 943 1988 1000 2038; x_wconf 90' lang='lat' dir='ltr'><strong>per</strong></span> <span class='ocrx_word' id='word_1_149' title='bbox 1021 1991 1055 2029; x_wconf 93' lang='lat' dir='ltr'><strong>se</strong></span> <span class='ocrx_word' id='word_1_150' title='bbox 1078 1976 1118 2030; x_wconf 88' lang='lat' dir='ltr'><strong>sit</strong></span> <span class='ocrx_word' id='word_1_151' title='bbox 1157 1972 1160 1977; x_wconf 52' lang='lat'><strong>⁴</strong></span> 
     </span>
     <span class='ocr_line' id='line_1_21' title="bbox 223 2045 524 2115; baseline -0.01 0"><span class='ocrx_word' id='word_1_152' title='bbox 223 2045 361 2115; x_wconf 73' lang='lat' dir='ltr'><strong>tantum²</strong></span> <span class='ocrx_word' id='word_1_153' title='bbox 375 2056 524 2113; x_wconf 80' lang='lat' dir='ltr'><strong>inchoata</strong></span> 
     </span>
    </p>

    <p class='ocr_par' dir='ltr' id='par_1_4' title="bbox 162 2131 1118 2838">
     <span class='ocr_line' id='line_1_22' title="bbox 162 2131 1118 2215; baseline 0.005 -11"><span class='ocrx_word' id='word_1_154' title='bbox 162 2154 201 2204; x_wconf 73' lang='lat'><strong>44</strong></span> <span class='ocrx_word' id='word_1_155' title='bbox 265 2146 347 2204; x_wconf 90' lang='lat' dir='ltr'><strong>XVI.</strong></span> <span class='ocrx_word' id='word_1_156' title='bbox 371 2131 390 2158; x_wconf 82' lang='lat'><strong><em>“</em></strong></span> <span class='ocrx_word' id='word_1_157' title='bbox 401 2145 582 2202; x_wconf 85' lang='lat' dir='ltr'><strong>Intrandum</strong></span> <span class='ocrx_word' id='word_1_158' title='bbox 597 2149 690 2215; x_wconf 84' lang='lat' dir='ltr'><strong>igitur</strong></span> <span class='ocrx_word' id='word_1_159' title='bbox 705 2152 753 2202; x_wconf 91' lang='lat' dir='ltr'><strong>est</strong></span> <span class='ocrx_word' id='word_1_160' title='bbox 766 2150 799 2202; x_wconf 91' lang='lat' dir='ltr'><strong>in</strong></span> <span class='ocrx_word' id='word_1_161' title='bbox 814 2165 915 2203; x_wconf 89' lang='lat' dir='ltr'><strong>rerum</strong></span> <span class='ocrx_word' id='word_1_162' title='bbox 929 2154 1072 2206; x_wconf 87' lang='lat' dir='ltr'><strong>naturam</strong></span> <span class='ocrx_word' id='word_1_163' title='bbox 1085 2159 1118 2209; x_wconf 87' lang='lat' dir='ltr'><strong>et</strong></span> 
     </span>
     <span class='ocr_line' id='line_1_23' title="bbox 224 2233 1116 2306; baseline 0.003 -14"><span class='ocrx_word' id='word_1_164' title='bbox 224 2240 345 2306; x_wconf 91' lang='lat' dir='ltr'><strong>penitus</strong></span> <span class='ocrx_word' id='word_1_165' title='bbox 365 2234 439 2304; x_wconf 92' lang='lat' dir='ltr'><strong>quid</strong></span> <span class='ocrx_word' id='word_1_166' title='bbox 454 2254 490 2290; x_wconf 92' lang='lat' dir='ltr'><strong>ea</strong></span> <span class='ocrx_word' id='word_1_167' title='bbox 509 2233 645 2306; x_wconf 80' lang='lat' dir='ltr'><strong>postulet</strong></span> <span class='ocrx_word' id='word_1_168' title='bbox 664 2233 905 2304; x_wconf 68' lang='lat' dir='ltr'><strong>pervidendum</strong></span> <span class='ocrx_word' id='word_1_169' title='bbox 926 2235 1018 2293; x_wconf 90' lang='lat' dir='ltr'><strong>aliter</strong></span> <span class='ocrx_word' id='word_1_170' title='bbox 1032 2243 1116 2295; x_wconf 91' lang='lat' dir='ltr'><strong>enim</strong></span> 
     </span>
     <span class='ocr_line' id='line_1_24' title="bbox 223 2322 1116 2398; baseline 0.004 -18"><span class='ocrx_word' id='word_1_171' title='bbox 223 2330 343 2381; x_wconf 90' lang='lat' dir='ltr'><strong>nosmet</strong></span> <span class='ocrx_word' id='word_1_172' title='bbox 354 2328 433 2393; x_wconf 91' lang='lat' dir='ltr'><strong>ipsos</strong></span> <span class='ocrx_word' id='word_1_173' title='bbox 444 2342 533 2380; x_wconf 92' lang='lat' dir='ltr'><strong>nosse</strong></span> <span class='ocrx_word' id='word_1_174' title='bbox 544 2343 606 2379; x_wconf 91' lang='lat' dir='ltr'><strong>non</strong></span> <span class='ocrx_word' id='word_1_175' title='bbox 617 2342 782 2393; x_wconf 72' lang='lat' dir='ltr'><strong>possumus</strong></span> <span class='ocrx_word' id='word_1_176' title='bbox 810 2322 901 2395; x_wconf 86' lang='lat' dir='ltr'><strong>Quod</strong></span> <span class='ocrx_word' id='word_1_177' title='bbox 915 2335 1116 2398; x_wconf 89' lang='lat' dir='ltr'><strong>praeceptum</strong></span> 
     </span>
     <span class='ocr_line' id='line_1_25' title="bbox 222 2410 1117 2483; baseline 0.006 -14"><span class='ocrx_word' id='word_1_178' title='bbox 222 2416 292 2483; x_wconf 85' lang='lat' dir='ltr'><strong>quia</strong></span> <span class='ocrx_word' id='word_1_179' title='bbox 306 2416 402 2469; x_wconf 84' lang='lat' dir='ltr'><strong>maius</strong></span> <span class='ocrx_word' id='word_1_180' title='bbox 413 2419 479 2469; x_wconf 91' lang='lat' dir='ltr'><strong>erat</strong></span> <span class='ocrx_word' id='word_1_181' title='bbox 493 2431 583 2482; x_wconf 90' lang='lat' dir='ltr'><strong>quam</strong></span> <span class='ocrx_word' id='word_1_182' title='bbox 598 2418 634 2468; x_wconf 90' lang='lat' dir='ltr'><strong>ut</strong></span> <span class='ocrx_word' id='word_1_183' title='bbox 644 2411 682 2467; x_wconf 90' lang='lat' dir='ltr'><strong>ab</strong></span> <span class='ocrx_word' id='word_1_184' title='bbox 693 2410 816 2468; x_wconf 92' lang='lat' dir='ltr'><strong>homine</strong></span> <span class='ocrx_word' id='word_1_185' title='bbox 828 2412 992 2483; x_wconf 88' lang='lat' dir='ltr'><strong>videretur,</strong></span> <span class='ocrx_word' id='word_1_186' title='bbox 1001 2414 1117 2474; x_wconf 86' lang='lat' dir='ltr'><strong>idcirco</strong></span> 
     </span>
     <span class='ocr_line' id='line_1_26' title="bbox 222 2498 1115 2575; baseline 0.003 -16"><span class='ocrx_word' id='word_1_187' title='bbox 222 2506 409 2572; x_wconf 83' lang='lat' dir='ltr'><strong>assignatum</strong></span> <span class='ocrx_word' id='word_1_188' title='bbox 424 2508 471 2558; x_wconf 89' lang='lat' dir='ltr'><strong>est</strong></span> <span class='ocrx_word' id='word_1_189' title='bbox 486 2500 552 2558; x_wconf 91' lang='lat' dir='ltr'><strong>deo.</strong></span> <span class='ocrx_word' id='word_1_190' title='bbox 584 2498 675 2556; x_wconf 86' lang='lat' dir='ltr'><strong>lubet</strong></span> <span class='ocrx_word' id='word_1_191' title='bbox 688 2504 782 2570; x_wconf 85' lang='lat' dir='ltr'><strong>igitur</strong></span> <span class='ocrx_word' id='word_1_192' title='bbox 793 2519 848 2558; x_wconf 92' lang='lat' dir='ltr'><strong>nos</strong></span> <span class='ocrx_word' id='word_1_193' title='bbox 864 2500 991 2571; x_wconf 89' lang='lat' dir='ltr'><strong>Pythius</strong></span> <span class='ocrx_word' id='word_1_194' title='bbox 1002 2503 1115 2575; x_wconf 92' lang='lat' dir='ltr'><strong>Apollo</strong></span> 
     </span>
     <span class='ocr_line' id='line_1_27' title="bbox 222 2590 1115 2661; baseline 0.003 -13"><span class='ocrx_word' id='word_1_195' title='bbox 222 2611 347 2649; x_wconf 89' lang='lat' dir='ltr'><strong>noscere</strong></span> <span class='ocrx_word' id='word_1_196' title='bbox 362 2599 483 2648; x_wconf 90' lang='lat' dir='ltr'><strong>nosmet</strong></span> <span class='ocrx_word' id='word_1_197' title='bbox 498 2594 596 2661; x_wconf 91' lang='lat' dir='ltr'><strong>ipsos;</strong></span> <span class='ocrx_word' id='word_1_198' title='bbox 617 2593 752 2658; x_wconf 81' lang='lat' dir='ltr'><strong>cognitio</strong></span> <span class='ocrx_word' id='word_1_199' title='bbox 771 2597 875 2646; x_wconf 88' lang='lat' dir='ltr'><strong>autem</strong></span> <span class='ocrx_word' id='word_1_200' title='bbox 894 2590 969 2648; x_wconf 91' lang='lat' dir='ltr'><strong>haec</strong></span> <span class='ocrx_word' id='word_1_201' title='bbox 990 2600 1115 2650; x_wconf 85' lang='lat' dir='ltr'><strong>estona</strong></span> 
     </span>
     <span class='ocr_line' id='line_1_28' title="bbox 221 2681 1113 2751; baseline 0.001 -15"><span class='ocrx_word' id='word_1_202' title='bbox 221 2685 316 2736; x_wconf 88' lang='lat' dir='ltr'><strong>nostri</strong></span> <span class='ocrx_word' id='word_1_203' title='bbox 332 2688 366 2737; x_wconf 90' lang='lat' dir='ltr'><strong>ut</strong></span> <span class='ocrx_word' id='word_1_204' title='bbox 385 2684 446 2735; x_wconf 89' lang='lat' dir='ltr'><strong>vim</strong></span> <span class='ocrx_word' id='word_1_205' title='bbox 464 2683 596 2750; x_wconf 90' lang='lat' dir='ltr'><strong>eorporis</strong></span> <span class='ocrx_word' id='word_1_206' title='bbox 613 2681 766 2747; x_wconf 92' lang='lat' dir='ltr'><strong>animique</strong></span> <span class='ocrx_word' id='word_1_207' title='bbox 784 2683 918 2736; x_wconf 89' lang='lat' dir='ltr'><strong>norimus</strong></span> <span class='ocrx_word' id='word_1_208' title='bbox 937 2699 1113 2751; x_wconf 90' lang='lat' dir='ltr'><strong>sequamur-</strong></span> 
     </span>
     <span class='ocr_line' id='line_1_29' title="bbox 222 2759 922 2838; baseline -0.001 -14"><span class='ocrx_word' id='word_1_209' title='bbox 222 2787 281 2838; x_wconf 93' lang='lat' dir='ltr'><strong>que</strong></span> <span class='ocrx_word' id='word_1_210' title='bbox 297 2788 364 2826; x_wconf 91' lang='lat' dir='ltr'><strong>eam</strong></span> <span class='ocrx_word' id='word_1_211' title='bbox 379 2772 472 2825; x_wconf 85' lang='lat' dir='ltr'><strong>vitam</strong></span> <span class='ocrx_word' id='word_1_212' title='bbox 484 2786 561 2837; x_wconf 88' lang='lat' dir='ltr'><strong>quae</strong></span> <span class='ocrx_word' id='word_1_213' title='bbox 573 2766 664 2823; x_wconf 88' lang='lat' dir='ltr'><strong>rebus</strong></span> <span class='ocrx_word' id='word_1_214' title='bbox 675 2759 729 2823; x_wconf 80' lang='lat' dir='ltr'><strong>iis³</strong></span> <span class='ocrx_word' id='word_1_215' title='bbox 740 2765 922 2837; x_wconf 86' lang='lat' dir='ltr'><strong>perfruatur.</strong></span> 
     </span>
    </p>
   </div>
   <div class='ocr_carea' id='block_1_4' title="bbox 230 2874 1113 3135">
    <p class='ocr_par' dir='ltr' id='par_1_5' title="bbox 230 2874 1113 3135">
     <span class='ocr_line' id='line_1_30' title="bbox 254 2874 869 2973; baseline -0.003 -47"><span class='ocrx_word' id='word_1_216' title='bbox 254 2874 377 2973; x_wconf 56' lang='lat' dir='ltr'><strong>:germen</strong></span> <span class='ocrx_word' id='word_1_217' title='bbox 390 2876 552 2933; x_wconf 85' lang='lat' dir='ltr'><strong>Gronovius,</strong></span> <span class='ocrx_word' id='word_1_218' title='bbox 567 2874 654 2930; x_wconf 90' lang='lat' dir='ltr'><strong>Mdv.;</strong></span> <span class='ocrx_word' id='word_1_219' title='bbox 673 2891 779 2924; x_wconf 86' lang='lat' dir='ltr'><strong>carmen</strong></span> <span class='ocrx_word' id='word_1_220' title='bbox 792 2875 869 2924; x_wconf 88' lang='lat' dir='ltr'><strong>MSS.</strong></span> 
     </span>
     <span class='ocr_line' id='line_1_31' title="bbox 254 2939 1113 3070; baseline 0.002 -14"><span class='ocrx_word' id='word_1_221' title='bbox 254 2939 706 3068; x_wconf 42' lang='lat' dir='ltr'><strong>⁸dddtddllnishllidillllelllrcndzldgihd</strong></span> <span class='ocrx_word' id='word_1_222' title='bbox 719 3006 765 3064; x_wconf 81' lang='lat' dir='ltr'><strong>IV,</strong></span> <span class='ocrx_word' id='word_1_223' title='bbox 780 3007 820 3063; x_wconf 87' lang='lat'><strong>28,</strong></span> <span class='ocrx_word' id='word_1_224' title='bbox 832 3013 947 3070; x_wconf 86' lang='lat' dir='ltr'><strong>utraque</strong></span> <span class='ocrx_word' id='word_1_225' title='bbox 959 3005 999 3068; x_wconf 88' lang='lat' dir='ltr'><strong>re)</strong></span> <span class='ocrx_word' id='word_1_226' title='bbox 1010 3025 1017 3064; x_wconf 73' lang='grc' dir='ltr'>ς</span> <span class='ocrx_word' id='word_1_227' title='bbox 1036 3009 1113 3058; x_wconf 77' lang='lat' dir='ltr'><strong>rebus</strong></span> 
     </span>
     <span class='ocr_line' id='line_1_32' title="bbox 230 3068 968 3135; baseline -0.001 -13"><span class='ocrx_word' id='word_1_228' title='bbox 230 3074 285 3135; x_wconf 75' lang='lat' dir='ltr'><strong>hijs</strong></span> <span class='ocrx_word' id='word_1_229' title='bbox 297 3075 328 3133; x_wconf 87' lang='lat' dir='ltr'><strong>B,</strong></span> <span class='ocrx_word' id='word_1_230' title='bbox 339 3074 375 3131; x_wconf 83' lang='lat' dir='ltr'><strong>E;</strong></span> <span class='ocrx_word' id='word_1_231' title='bbox 392 3073 469 3120; x_wconf 81' lang='lat' dir='ltr'><strong>rebus</strong></span> <span class='ocrx_word' id='word_1_232' title='bbox 480 3071 547 3135; x_wconf 54' lang='lat' dir='ltr'><strong>apsa&amp;</strong></span> <span class='ocrx_word' id='word_1_233' title='bbox 558 3071 605 3118; x_wconf 84' lang='lat' dir='ltr'><strong>ins.</strong></span> <span class='ocrx_word' id='word_1_234' title='bbox 620 3070 698 3120; x_wconf 90' lang='lat' dir='ltr'><strong>MSS.</strong></span> <span class='ocrx_word' id='word_1_235' title='bbox 713 3089 720 3128; x_wconf 89' lang='lat'>;</span> <span class='ocrx_word' id='word_1_236' title='bbox 738 3068 833 3135; x_wconf 59' lang='lat' dir='ltr'><strong>[rebeus]</strong></span> <span class='ocrx_word' id='word_1_237' title='bbox 846 3073 882 3120; x_wconf 75' lang='lat' dir='ltr'><strong>iis</strong></span> <span class='ocrx_word' id='word_1_238' title='bbox 896 3073 968 3122; x_wconf 78' lang='lat' dir='ltr'><strong>Mdv.</strong></span> 
     </span>
    </p>
   </div>
   <div class='ocr_carea' id='block_1_5' title="bbox 304 3156 363 3207">
    <p class='ocr_par' dir='ltr' id='par_1_6' title="bbox 304 3156 363 3207">
     <span class='ocr_line' id='line_1_33' title="bbox 304 3156 363 3207; baseline -0.017 0"><span class='ocrx_word' id='word_1_239' title='bbox 304 3156 363 3207; x_wconf 72' lang='lat'><strong>442</strong></span> 
     </span>
    </p>
   </div>
   <div class='ocr_carea' id='block_1_6' title="bbox 0 0 1170 3698">
    <p class='ocr_par' dir='ltr' id='par_1_7' title="bbox 0 0 1170 3698">
     <span class='ocr_line' id='line_1_34' title="bbox 0 0 1170 3698; baseline 0 2"><span class='ocrx_word' id='word_1_240' title='bbox 0 0 1170 3698; x_wconf 95' lang='lat' dir='ltr'><strong> </strong></span> 
     </span>
    </p>
   </div>
  </div>
 </body>
</html>
