2332 3698
210 411 258 447 .·
375 394 416 448 n.
432 391 577 450 runnu
593 388 814 448 crcunoms

242 543 247 553 .
564 487 622 544 DE
930 499 933 505 '

156 584 171 626 -·
247 584 415 644 numus
431 583 641 643 nononun
658 581 711 639 m
726 579 942 638 unnouuu

136 691 152 711 ²
191 676 205 715 ’·
443 679 567 737 LIBER
583 677 740 736 PRIMUS

112 761 142 832 1²
158 797 163 808 ·
193 776 215 833 Ι.
236 777 305 834 Non
320 796 403 834 eram
417 780 546 846 nescius,
563 775 666 844 Brute,
681 794 751 832 cum
765 792 843 843 quae
857 774 981 829 summis
995 773 1040 827 iu·

133 877 247 949 'geniis
267 877 476 944 exquisitaque
494 872 632 929 doctrina
651 869 823 943 philosophi
844 869 961 926 Graeco
980 885 1041 924 ser·
1077 934 1080 940 ²

149 989 239 1026 mone
258 973 471 1026 tractavissent
494 988 530 1027 ea
550 967 666 1024 Latinis
687 966 798 1024 litteris
819 964 1042 1032 mandaremus

150 1065 215 1122 fore
230 1073 265 1122 ut
281 1065 331 1122 hic
345 1072 449 1122 noster
465 1064 549 1120 labor
559 1068 598 1119 'i'n
613 1068 707 1120 varias
726 1061 978 1133 reprehensiones
996 1063 1041 1116 iu-

150 1168 294 1218 curreret.
333 1162 412 1217 Nam
423 1160 612 1231 quibusdam,
628 1167 660 1216 et
675 1163 711 1216 iis
725 1158 849 1229 quidem
863 1177 926 1214 non
939 1155 1042 1214 admo·

37 1240 43 1254 ⁶
152 1258 225 1314 dum
257 1257 398 1327 indoctiS,
426 1264 526 1314 totum
559 1254 617 1312 hoc
652 1254 794 1327 displicet
829 1250 1041 1324 philosophari.

152 1351 284 1434 Quidam
295 1359 397 1409 autem
409 1372 470 1408 non
485 1358 548 1408 tam
562 1351 594 1408 id
607 1350 839 1423 reprehendunt
853 1353 878 1407 si
891 1351 1044 1406 remissius

152 1454 269 1517 agatur,
284 1447 338 1504 scd
356 1453 477 1505 tantum
492 1447 627 1505 studium
641 1454 764 1518 tamque
778 1444 907 1502 multam
921 1463 1044 1516 operam

12 1568 14 1570 ’
152 1541 325 1613 ponendam
340 1546 419 1599 ineo
429 1563 492 1599 non
506 1543 698 1599 arbitrantur.
736 1540 835 1597 Erunt
851 1544 998 1610 etiam,et
1011 1538 1044 1595 hi

78 1622 80 1628 ,
153 1638 277 1708 quidem
297 1638 408 1695 eruditi
430 1638 553 1695 Graecis
571 1637 693 1708 litteris,
708 1643 942 1694 contemnentes
962 1635 1044 1692 Latia

153 1753 217 1804 nas,
232 1738 283 1804 qui
301 1753 333 1792 se
348 1735 452 1792 dicant
469 1739 501 1791 in
519 1736 643 1792 Graecis
659 1733 799 1804 legendis
814 1751 937 1804 operam
953 1731 1045 1788 malle

154 1849 339 1888 consumere.
372 1831 527 1905 Postremo
537 1821 652 1901 aliquos
663 1829 924 1900 futurossuspicor
933 1831 985 1898 qui
995 1846 1045 1885 me

153 1926 193 1982 ad
206 1926 279 2006 alias
296 1926 413 1983 litteras
428 1933 548 1995 vocent,
563 1945 660 1996 genus
677 1926 735 1983 hoc
753 1923 915 1994 scribendi,
930 1927 989 1981 etsi
1006 1927 1046 1982 sit
1082 1944 1084 1950 ⁴

114 2028 131 2078 2
154 2022 289 2092 elegans,
308 2010 455 2093 personae
475 2029 585 2083 tamen¹
602 2030 635 2079 et
654 2022 812 2092 dignitatis
832 2039 898 2078 esse
917 2027 1043 2104 negent.

154 2117 266 2175 Contra
294 2137 377 2188 quos·
402 2137 508 2175 omnes
536 2118 714 2179 dicendum,
735 2119 868 2175 breviter
896 2119 1044 2173 existimo.

154 2211 346 2283 Quamquam
384 2212 591 2287 philosophiae
630 2213 755 2283 quidem
793 2211 1058 2296 vituperatoribus

154 2313 226 2378 satis
240 2317 479 2379 responsumest
495 2329 531 2366 eo
548 2309 625 2366 libro
644 2328 705 2379 quo
719 2329 737 2365 a
750 2309 837 2365 nobis
856 2305 1046 2379 philosophia

154 2405 281 2463 defensa
309 2413 342 2463 et
370 2406 540 2464 collaudata
565 2415 613 2465 est
641 2420 709 2464 cum
738 2413 819 2464 esset
847 2411 985 2463 accusata
1013 2410 1047 2460 et

154 2506 324 2572 vituperata
338 2503 376 2558 ab
392 2502 566 2560 Hortensio.
605 2501 666 2572 Qui
680 2501 758 2559 liber
772 2520 841 2558 cum
856 2509 889 2559 et
905 2501 961 2557 tibi
978 2518 1046 2569 pro·
1062 2535 1064 2539 ν

154 2598 242 2654 batus
259 2597 414 2656 videretur
433 2607 466 2656 et
484 2603 521 2656 iis
538 2618 613 2671 quos
632 2617 690 2668 ego
710 2616 797 2669 posse
809 2596 949 2656 'iudicare
968 2594 1047 2650 arbi·
1066 2604 1070 2612 “

154 2701 259 2763 trarer‚
282 2694 368 2764 plura
391 2699 518 2766 suscepi,
542 2699 655 2752 veritus
680 2714 720 2751 ne
744 2711 866 2750 movere
889 2692 1046 2767 hominum

154 2789 254 2846 studia
274 2790 402 2860 viderer,
423 2795 557 2848 retinere
579 2810 641 2847 non
664 2809 759 2861 posse.
805 2787 865 2859 Qui
887 2793 1001 2855 autem,
1021 2789 1047 2842 si
1079 2835 1080 2838 ,

187 2932 200 2959 ⁸
208 2926 274 2974 This
292 2925 364 2974 book
377 2942 436 2975 was
448 2926 535 2975 called
546 2927 718 2986 Hortensius,
732 2927 787 2976 and
798 2923 903 2974 formed
915 2939 950 2971 an
964 2923 1058 2971 intro·'

155 2990 264 3104 ductim}
277 2991 439 3104 totCicero's
450 2992 647 3060 philosophical
658 2994 791 3056 writings.
808 2992 971 3053 Fragments
983 2989 1047 3055 only
1071 3004 1078 3031 z

157 3073 204 3105 are
216 3073 250 3104 ex
264 3073 298 3105 an
313 3092 320 3105 .

240 3141 257 3190 2
