<?xml version="1.0" encoding="UTF-8"?>
<!DOCTYPE html PUBLIC "-//W3C//DTD XHTML 1.0 Transitional//EN"
    "http://www.w3.org/TR/xhtml1/DTD/xhtml1-transitional.dtd">
<html xmlns="http://www.w3.org/1999/xhtml" xml:lang="en" lang="en">
 <head>
  <title>
</title>
<meta http-equiv="Content-Type" content="text/html;charset=utf-8" />
  <meta name='ocr-system' content='tesseract 3.04.00' />
  <meta name='ocr-capabilities' content='ocr_page ocr_carea ocr_par ocr_line ocrx_word'/>
</head>
<body>
  <div class='ocr_page' id='page_1' title='image "./definibusbonoru03cicegoog_0069.png"; bbox 0 0 2332 3698; ppageno 0'>
   <div class='ocr_carea' id='block_1_1' title="bbox 422 198 844 259">
    <p class='ocr_par' dir='ltr' id='par_1_1' title="bbox 422 198 844 259">
     <span class='ocr_line' id='line_1_1' title="bbox 422 198 844 259; baseline 0 -1"><span class='ocrx_word' id='word_1_1' title='bbox 422 200 572 259; x_wconf 87' lang='lat' dir='ltr'>CICERO</span> <span class='ocrx_word' id='word_1_2' title='bbox 595 201 653 258; x_wconf 91' lang='lat' dir='ltr'><strong>DE</strong></span> <span class='ocrx_word' id='word_1_3' title='bbox 676 198 844 258; x_wconf 85' lang='lat' dir='ltr'>FINIBUS</span> 
     </span>
    </p>
   </div>
   <div class='ocr_carea' id='block_1_2' title="bbox 184 317 1078 394">
    <p class='ocr_par' dir='ltr' id='par_1_2' title="bbox 184 317 1078 394">
     <span class='ocr_line' id='line_1_2' title="bbox 184 317 1078 394; baseline -0.003 -16"><span class='ocrx_word' id='word_1_4' title='bbox 184 321 332 391; x_wconf 83' lang='lat' dir='ltr'><strong>alienum3</strong></span> <span class='ocrx_word' id='word_1_5' title='bbox 354 342 425 386; x_wconf 80' lang='lat' dir='ltr'><strong>nam</strong></span> <span class='ocrx_word' id='word_1_6' title='bbox 435 331 508 381; x_wconf 88' lang='lat' dir='ltr'><strong>ante</strong></span> <span class='ocrx_word' id='word_1_7' title='bbox 520 322 702 394; x_wconf 85' lang='lat' dir='ltr'><strong>Aristippus,</strong></span> <span class='ocrx_word' id='word_1_8' title='bbox 715 329 747 379; x_wconf 91' lang='lat' dir='ltr'><strong>et</strong></span> <span class='ocrx_word' id='word_1_9' title='bbox 758 320 810 378; x_wconf 92' lang='lat' dir='ltr'><strong>ille</strong></span> <span class='ocrx_word' id='word_1_10' title='bbox 820 319 937 377; x_wconf 83' lang='lat' dir='ltr'><strong>melius</strong></span> <span class='ocrx_word' id='word_1_11' title='bbox 982 317 1078 376; x_wconf 91' lang='lat' dir='ltr'><strong>Addi-</strong></span> 
     </span>
    </p>
   </div>
   <div class='ocr_carea' id='block_1_3' title="bbox 104 414 1077 502">
    <p class='ocr_par' dir='ltr' id='par_1_3' title="bbox 104 414 1077 502">
     <span class='ocr_line' id='line_1_3' title="bbox 104 414 1077 502; baseline -0.005 -15"><span class='ocrx_word' id='word_1_12' title='bbox 104 435 142 492; x_wconf 75' lang='lat'><strong>27</strong></span> <span class='ocrx_word' id='word_1_13' title='bbox 186 431 258 490; x_wconf 90' lang='lat' dir='ltr'><strong>disti</strong></span> <span class='ocrx_word' id='word_1_14' title='bbox 269 431 308 489; x_wconf 94' lang='lat' dir='ltr'><strong>ad</strong></span> <span class='ocrx_word' id='word_1_15' title='bbox 319 439 500 502; x_wconf 85' lang='lat' dir='ltr'><strong>extremum,</strong></span> <span class='ocrx_word' id='word_1_16' title='bbox 512 436 604 488; x_wconf 86' lang='lat' dir='ltr'><strong>etiam</strong></span> <span class='ocrx_word' id='word_1_17' title='bbox 615 431 772 488; x_wconf 89' lang='lat' dir='ltr'><strong>indoctum</strong></span> <span class='ocrx_word' id='word_1_18' title='bbox 783 429 904 487; x_wconf 86' lang='lat' dir='ltr'><strong>fuisse.&#39;&#39;</strong></span> <span class='ocrx_word' id='word_1_19' title='bbox 943 414 1077 496; x_wconf 83' lang='lat' dir='ltr'><strong>“Fieri,&#39;’</strong></span> 
     </span>
    </p>
   </div>
   <div class='ocr_carea' id='block_1_4' title="bbox 184 525 1081 2683">
    <p class='ocr_par' dir='ltr' id='par_1_4' title="bbox 184 525 1081 2683">
     <span class='ocr_line' id='line_1_4' title="bbox 184 525 1078 611; baseline -0.004 -15"><span class='ocrx_word' id='word_1_20' title='bbox 184 545 317 610; x_wconf 91' lang='lat' dir='ltr'><strong>inquam,</strong></span> <span class='ocrx_word' id='word_1_21' title='bbox 334 525 464 610; x_wconf 81' lang='lat' dir='ltr'><strong>“Triari,</strong></span> <span class='ocrx_word' id='word_1_22' title='bbox 476 539 560 597; x_wconf 91' lang='lat' dir='ltr'><strong>nullo</strong></span> <span class='ocrx_word' id='word_1_23' title='bbox 570 547 660 611; x_wconf 93' lang='lat' dir='ltr'><strong>pacto</strong></span> <span class='ocrx_word' id='word_1_24' title='bbox 672 547 774 611; x_wconf 91' lang='lat' dir='ltr'><strong>potest</strong></span> <span class='ocrx_word' id='word_1_25' title='bbox 786 547 821 597; x_wconf 95' lang='lat' dir='ltr'><strong>ut</strong></span> <span class='ocrx_word' id='word_1_26' title='bbox 831 558 893 595; x_wconf 90' lang='lat' dir='ltr'><strong>non</strong></span> <span class='ocrx_word' id='word_1_27' title='bbox 908 537 989 594; x_wconf 90' lang='lat' dir='ltr'><strong>dicas</strong></span> <span class='ocrx_word' id='word_1_28' title='bbox 1004 534 1078 607; x_wconf 92' lang='lat' dir='ltr'><strong>quid</strong></span> 
     </span>
     <span class='ocr_line' id='line_1_5' title="bbox 184 646 1078 719; baseline -0.004 -15"><span class='ocrx_word' id='word_1_29' title='bbox 184 667 247 704; x_wconf 91' lang='lat' dir='ltr'><strong>non</strong></span> <span class='ocrx_word' id='word_1_30' title='bbox 269 649 378 718; x_wconf 88' lang='lat' dir='ltr'><strong>probes</strong></span> <span class='ocrx_word' id='word_1_31' title='bbox 400 653 463 705; x_wconf 91' lang='lat' dir='ltr'><strong>eius</strong></span> <span class='ocrx_word' id='word_1_32' title='bbox 485 669 502 704; x_wconf 98' lang='lat' dir='ltr'><strong>a</strong></span> <span class='ocrx_word' id='word_1_33' title='bbox 523 668 583 719; x_wconf 90' lang='lat' dir='ltr'><strong>quo</strong></span> <span class='ocrx_word' id='word_1_34' title='bbox 605 648 771 706; x_wconf 87' lang='lat' dir='ltr'><strong>dissentias.</strong></span> <span class='ocrx_word' id='word_1_35' title='bbox 817 646 900 718; x_wconf 86' lang='lat' dir='ltr'><strong>Quid</strong></span> <span class='ocrx_word' id='word_1_36' title='bbox 924 649 1006 704; x_wconf 90' lang='lat' dir='ltr'><strong>enirn</strong></span> <span class='ocrx_word' id='word_1_37' title='bbox 1028 662 1078 701; x_wconf 92' lang='lat' dir='ltr'><strong>me</strong></span> 
     </span>
     <span class='ocr_line' id='line_1_6' title="bbox 185 752 1079 827; baseline -0.002 -16"><span class='ocrx_word' id='word_1_38' title='bbox 185 754 361 826; x_wconf 89' lang='lat' dir='ltr'><strong>prohiberet</strong></span> <span class='ocrx_word' id='word_1_39' title='bbox 384 757 567 827; x_wconf 88' lang='lat' dir='ltr'><strong>Epicureum</strong></span> <span class='ocrx_word' id='word_1_40' title='bbox 590 777 666 827; x_wconf 91' lang='lat' dir='ltr'><strong>esse,</strong></span> <span class='ocrx_word' id='word_1_41' title='bbox 690 762 714 814; x_wconf 90' lang='lat' dir='ltr'><strong>si</strong></span> <span class='ocrx_word' id='word_1_42' title='bbox 738 758 896 827; x_wconf 88' lang='lat' dir='ltr'><strong>probarem</strong></span> <span class='ocrx_word' id='word_1_43' title='bbox 924 774 1001 826; x_wconf 91' lang='lat' dir='ltr'><strong>quae</strong></span> <span class='ocrx_word' id='word_1_44' title='bbox 1027 752 1079 810; x_wconf 91' lang='lat' dir='ltr'><strong>ille</strong></span> 
     </span>
     <span class='ocr_line' id='line_1_7' title="bbox 186 867 1076 940; baseline 0 -17"><span class='ocrx_word' id='word_1_45' title='bbox 186 867 321 925; x_wconf 87' lang='lat' dir='ltr'><strong>diceret?</strong></span> <span class='ocrx_word' id='word_1_46' title='bbox 343 889 411 926; x_wconf 90' lang='lat' dir='ltr'><strong>cum</strong></span> <span class='ocrx_word' id='word_1_47' title='bbox 426 873 605 940; x_wconf 90' lang='lat' dir='ltr'><strong>praesertim</strong></span> <span class='ocrx_word' id='word_1_48' title='bbox 620 869 672 927; x_wconf 91' lang='lat' dir='ltr'><strong>illa</strong></span> <span class='ocrx_word' id='word_1_49' title='bbox 689 869 860 940; x_wconf 87' lang='lat' dir='ltr'><strong>perdiscere</strong></span> <span class='ocrx_word' id='word_1_50' title='bbox 878 868 969 926; x_wconf 93' lang='lat' dir='ltr'><strong>ludus</strong></span> <span class='ocrx_word' id='word_1_51' title='bbox 988 874 1076 925; x_wconf 90' lang='lat' dir='ltr'><strong>esset.</strong></span> 
     </span>
     <span class='ocr_line' id='line_1_8' title="bbox 186 978 1079 1051; baseline 0 -15"><span class='ocrx_word' id='word_1_52' title='bbox 186 978 392 1049; x_wconf 87' lang='lat' dir='ltr'><strong>Quamobrem</strong></span> <span class='ocrx_word' id='word_1_53' title='bbox 409 981 654 1040; x_wconf 81' lang='lat' dir='ltr'><strong>dissentientium</strong></span> <span class='ocrx_word' id='word_1_54' title='bbox 675 986 756 1038; x_wconf 88' lang='lat' dir='ltr'><strong>inter</strong></span> <span class='ocrx_word' id='word_1_55' title='bbox 776 1001 808 1039; x_wconf 89' lang='lat' dir='ltr'><strong>se</strong></span> <span class='ocrx_word' id='word_1_56' title='bbox 828 980 1079 1051; x_wconf 86' lang='lat' dir='ltr'><strong>reprehensiones</strong></span> 
     </span>
     <span class='ocr_line' id='line_1_9' title="bbox 186 1088 1079 1161; baseline 0 -17"><span class='ocrx_word' id='word_1_57' title='bbox 186 1107 248 1144; x_wconf 91' lang='lat' dir='ltr'><strong>non</strong></span> <span class='ocrx_word' id='word_1_58' title='bbox 262 1097 334 1147; x_wconf 92' lang='lat' dir='ltr'><strong>sunt</strong></span> <span class='ocrx_word' id='word_1_59' title='bbox 348 1090 581 1161; x_wconf 89' lang='lat' dir='ltr'><strong>vituperandae;</strong></span> <span class='ocrx_word' id='word_1_60' title='bbox 603 1089 774 1159; x_wconf 86' lang='lat' dir='ltr'><strong>maledicta,</strong></span> <span class='ocrx_word' id='word_1_61' title='bbox 787 1088 1002 1159; x_wconf 82' lang='lat' dir='ltr'><strong>contumeliae,</strong></span> <span class='ocrx_word' id='word_1_62' title='bbox 1013 1096 1079 1145; x_wconf 89' lang='lat' dir='ltr'><strong>turn</strong></span> 
     </span>
     <span class='ocr_line' id='line_1_10' title="bbox 186 1188 1080 1268; baseline 0.001 -15"><span class='ocrx_word' id='word_1_63' title='bbox 186 1188 359 1256; x_wconf 89' lang='lat' dir='ltr'><strong>iracundael</strong></span> <span class='ocrx_word' id='word_1_64' title='bbox 377 1203 589 1257; x_wconf 87' lang='lat' dir='ltr'><strong>contentiones</strong></span> <span class='ocrx_word' id='word_1_65' title='bbox 607 1202 907 1268; x_wconf 84' lang='lat' dir='ltr'><strong>concertationesque</strong></span> <span class='ocrx_word' id='word_1_66' title='bbox 927 1202 960 1254; x_wconf 96' lang='lat' dir='ltr'><strong>in</strong></span> <span class='ocrx_word' id='word_1_67' title='bbox 977 1197 1080 1268; x_wconf 93' lang='lat' dir='ltr'><strong>dispu-</strong></span> 
     </span>
     <span class='ocr_line' id='line_1_11' title="bbox 186 1306 1081 1378; baseline 0.002 -16"><span class='ocrx_word' id='word_1_68' title='bbox 186 1306 280 1363; x_wconf 90' lang='lat' dir='ltr'><strong>tando</strong></span> <span class='ocrx_word' id='word_1_69' title='bbox 305 1312 476 1378; x_wconf 88' lang='lat' dir='ltr'><strong>pertinaces</strong></span> <span class='ocrx_word' id='word_1_70' title='bbox 501 1308 645 1378; x_wconf 88' lang='lat' dir='ltr'><strong>indignae</strong></span> <span class='ocrx_word' id='word_1_71' title='bbox 671 1307 861 1378; x_wconf 90' lang='lat' dir='ltr'><strong>philosophia</strong></span> <span class='ocrx_word' id='word_1_72' title='bbox 886 1306 961 1363; x_wconf 92' lang='lat' dir='ltr'><strong>mihi</strong></span> <span class='ocrx_word' id='word_1_73' title='bbox 984 1306 1081 1364; x_wconf 89' lang='lat' dir='ltr'><strong>videri</strong></span> 
     </span>
     <span class='ocr_line' id='line_1_12' title="bbox 187 1401 1080 1486; baseline -0.002 -12"><span class='ocrx_word' id='word_1_74' title='bbox 187 1419 315 1475; x_wconf 87' lang='lat' dir='ltr'><strong>solent.’‘</strong></span> <span class='ocrx_word' id='word_1_75' title='bbox 330 1416 408 1473; x_wconf 88' lang='lat' dir='ltr'><strong>Turn</strong></span> <span class='ocrx_word' id='word_1_76' title='bbox 414 1401 1080 1486; x_wconf 78' lang='lat' dir='ltr'><strong>Torquatus:“ProrsuS,”inquit,“assentior;</strong></span> 
     </span>
     <span class='ocr_line' id='line_1_13' title="bbox 185 1524 1080 1597; baseline 0.001 -15"><span class='ocrx_word' id='word_1_77' title='bbox 185 1546 285 1597; x_wconf 91' lang='lat' dir='ltr'><strong>neque</strong></span> <span class='ocrx_word' id='word_1_78' title='bbox 307 1529 389 1583; x_wconf 91' lang='lat' dir='ltr'><strong>enim</strong></span> <span class='ocrx_word' id='word_1_79' title='bbox 409 1524 555 1595; x_wconf 88' lang='lat' dir='ltr'><strong>disputari</strong></span> <span class='ocrx_word' id='word_1_80' title='bbox 578 1528 643 1581; x_wconf 89' lang='lat' dir='ltr'><strong>sine</strong></span> <span class='ocrx_word' id='word_1_81' title='bbox 666 1524 913 1596; x_wconf 85' lang='lat' dir='ltr'><strong>reprehensione,</strong></span> <span class='ocrx_word' id='word_1_82' title='bbox 933 1545 991 1582; x_wconf 90' lang='lat' dir='ltr'><strong>uec</strong></span> <span class='ocrx_word' id='word_1_83' title='bbox 1011 1546 1080 1583; x_wconf 90' lang='lat' dir='ltr'><strong>cum</strong></span> 
     </span>
     <span class='ocr_line' id='line_1_14' title="bbox 185 1633 1081 1705; baseline 0 -13"><span class='ocrx_word' id='word_1_84' title='bbox 185 1635 340 1692; x_wconf 89' lang='lat' dir='ltr'><strong>iracundia</strong></span> <span class='ocrx_word' id='word_1_85' title='bbox 354 1641 407 1691; x_wconf 88' lang='lat' dir='ltr'><strong>aut</strong></span> <span class='ocrx_word' id='word_1_86' title='bbox 421 1637 588 1704; x_wconf 86' lang='lat' dir='ltr'><strong>pertinacia</strong></span> <span class='ocrx_word' id='word_1_87' title='bbox 603 1641 687 1690; x_wconf 88' lang='lat' dir='ltr'><strong>recte</strong></span> <span class='ocrx_word' id='word_1_88' title='bbox 702 1633 849 1704; x_wconf 91' lang='lat' dir='ltr'><strong>disputari</strong></span> <span class='ocrx_word' id='word_1_89' title='bbox 864 1641 973 1705; x_wconf 91' lang='lat' dir='ltr'><strong>potest.</strong></span> <span class='ocrx_word' id='word_1_90' title='bbox 1018 1633 1081 1692; x_wconf 90' lang='lat' dir='ltr'><strong>Sed</strong></span> 
     </span>
     <span class='ocr_line' id='line_1_15' title="bbox 184 1728 1079 1814; baseline -0.003 -13"><span class='ocrx_word' id='word_1_91' title='bbox 184 1743 223 1801; x_wconf 90' lang='lat' dir='ltr'><strong>ad</strong></span> <span class='ocrx_word' id='word_1_92' title='bbox 237 1743 322 1814; x_wconf 91' lang='lat' dir='ltr'><strong>baec,</strong></span> <span class='ocrx_word' id='word_1_93' title='bbox 334 1747 392 1801; x_wconf 92' lang='lat' dir='ltr'><strong>nisi</strong></span> <span class='ocrx_word' id='word_1_94' title='bbox 406 1741 568 1800; x_wconf 90' lang='lat' dir='ltr'><strong>molestum</strong></span> <span class='ocrx_word' id='word_1_95' title='bbox 581 1750 637 1813; x_wconf 92' lang='lat' dir='ltr'><strong>est,</strong></span> <span class='ocrx_word' id='word_1_96' title='bbox 649 1742 748 1800; x_wconf 91' lang='lat' dir='ltr'><strong>habeo</strong></span> <span class='ocrx_word' id='word_1_97' title='bbox 760 1763 837 1813; x_wconf 89' lang='lat' dir='ltr'><strong>quae</strong></span> <span class='ocrx_word' id='word_1_98' title='bbox 849 1742 969 1800; x_wconf 90' lang='lat' dir='ltr'><strong>velim.&#39;&#39;</strong></span> <span class='ocrx_word' id='word_1_99' title='bbox 1008 1728 1079 1798; x_wconf 82' lang='lat' dir='ltr'><strong>“An</strong></span> 
     </span>
     <span class='ocr_line' id='line_1_16' title="bbox 185 1837 1078 1923; baseline -0.002 -15"><span class='ocrx_word' id='word_1_100' title='bbox 185 1852 264 1922; x_wconf 89' lang='lat' dir='ltr'><strong>me,&#39;&#39;</strong></span> <span class='ocrx_word' id='word_1_101' title='bbox 281 1856 414 1923; x_wconf 86' lang='lat' dir='ltr'><strong>inquam,</strong></span> <span class='ocrx_word' id='word_1_102' title='bbox 430 1837 514 1908; x_wconf 80' lang='lat' dir='ltr'><strong>“nisi</strong></span> <span class='ocrx_word' id='word_1_103' title='bbox 528 1858 560 1908; x_wconf 90' lang='lat' dir='ltr'><strong>te</strong></span> <span class='ocrx_word' id='word_1_104' title='bbox 576 1851 680 1908; x_wconf 88' lang='lat' dir='ltr'><strong>audire</strong></span> <span class='ocrx_word' id='word_1_105' title='bbox 695 1850 816 1921; x_wconf 88' lang='lat' dir='ltr'><strong>vellem,</strong></span> <span class='ocrx_word' id='word_1_106' title='bbox 830 1870 935 1908; x_wconf 90' lang='lat' dir='ltr'><strong>censes</strong></span> <span class='ocrx_word' id='word_1_107' title='bbox 947 1850 1021 1907; x_wconf 90' lang='lat' dir='ltr'><strong>haec</strong></span> <span class='ocrx_word' id='word_1_108' title='bbox 1033 1850 1078 1907; x_wconf 91' lang='lat' dir='ltr'><strong>di-</strong></span> 
     </span>
     <span class='ocr_line' id='line_1_17' title="bbox 187 1945 1080 2030; baseline -0.002 -14"><span class='ocrx_word' id='word_1_109' title='bbox 187 1967 307 2017; x_wconf 88' lang='lat' dir='ltr'><strong>cturum</strong></span> <span class='ocrx_word' id='word_1_110' title='bbox 319 1960 430 2016; x_wconf 82' lang='lat' dir='ltr'><strong>fuisse?</strong></span> <span class='ocrx_word' id='word_1_111' title='bbox 441 1961 457 1979; x_wconf 93' lang='grc'>”</span> <span class='ocrx_word' id='word_1_112' title='bbox 471 1945 490 1971; x_wconf 79' lang='grc'><strong><em>“</em></strong></span> <span class='ocrx_word' id='word_1_113' title='bbox 502 1959 612 2016; x_wconf 89' lang='lat' dir='ltr'><strong>Utrum</strong></span> <span class='ocrx_word' id='word_1_114' title='bbox 625 1963 718 2028; x_wconf 85' lang='lat' dir='ltr'><strong>igitur</strong></span> <span class='ocrx_word' id='word_1_115' title='bbox 729 1963 863 2030; x_wconf 89' lang='lat' dir='ltr'><strong>percurri</strong></span> <span class='ocrx_word' id='word_1_116' title='bbox 874 1979 996 2016; x_wconf 90' lang='lat' dir='ltr'><strong>omnem</strong></span> <span class='ocrx_word' id='word_1_117' title='bbox 1009 1959 1080 2029; x_wconf 89' lang='lat' dir='ltr'><strong>Epi-</strong></span> 
     </span>
     <span class='ocr_line' id='line_1_18' title="bbox 186 2066 1080 2138; baseline 0.001 -14"><span class='ocrx_word' id='word_1_118' title='bbox 186 2072 250 2124; x_wconf 92' lang='lat' dir='ltr'><strong>curi</strong></span> <span class='ocrx_word' id='word_1_119' title='bbox 261 2067 451 2138; x_wconf 85' lang='lat' dir='ltr'><strong>disciplinam</strong></span> <span class='ocrx_word' id='word_1_120' title='bbox 460 2067 570 2138; x_wconf 86' lang='lat' dir='ltr'><strong>placet,</strong></span> <span class='ocrx_word' id='word_1_121' title='bbox 582 2087 621 2123; x_wconf 92' lang='lat' dir='ltr'><strong>an</strong></span> <span class='ocrx_word' id='word_1_122' title='bbox 632 2066 741 2124; x_wconf 87' lang='lat' dir='ltr'><strong>deuna</strong></span> <span class='ocrx_word' id='word_1_123' title='bbox 752 2067 907 2138; x_wconf 87' lang='lat' dir='ltr'><strong>voluptate</strong></span> <span class='ocrx_word' id='word_1_124' title='bbox 919 2070 1032 2137; x_wconf 89' lang='lat' dir='ltr'><strong>quaeri,</strong></span> <span class='ocrx_word' id='word_1_125' title='bbox 1041 2067 1080 2125; x_wconf 91' lang='lat' dir='ltr'><strong>de</strong></span> 
     </span>
     <span class='ocr_line' id='line_1_19' title="bbox 186 2161 1078 2246; baseline -0.002 -14"><span class='ocrx_word' id='word_1_126' title='bbox 186 2195 245 2246; x_wconf 91' lang='lat' dir='ltr'><strong>qua</strong></span> <span class='ocrx_word' id='word_1_127' title='bbox 265 2195 355 2232; x_wconf 91' lang='lat' dir='ltr'><strong>omne</strong></span> <span class='ocrx_word' id='word_1_128' title='bbox 377 2183 532 2232; x_wconf 88' lang='lat' dir='ltr'><strong>certamen</strong></span> <span class='ocrx_word' id='word_1_129' title='bbox 547 2174 642 2232; x_wconf 87' lang='lat' dir='ltr'><strong>est?’&#39;</strong></span> <span class='ocrx_word' id='word_1_130' title='bbox 687 2161 778 2232; x_wconf 82' lang='lat' dir='ltr'><strong>“Tuo</strong></span> <span class='ocrx_word' id='word_1_131' title='bbox 793 2194 863 2232; x_wconf 89' lang='lat' dir='ltr'><strong>vero</strong></span> <span class='ocrx_word' id='word_1_132' title='bbox 879 2175 910 2232; x_wconf 94' lang='lat' dir='ltr'><strong>id</strong></span> <span class='ocrx_word' id='word_1_133' title='bbox 925 2174 1078 2245; x_wconf 86' lang='lat' dir='ltr'><strong>quidem,’&#39;</strong></span> 
     </span>
     <span class='ocr_line' id='line_1_20' title="bbox 185 2268 1080 2354; baseline -0.001 -14"><span class='ocrx_word' id='word_1_134' title='bbox 185 2288 317 2354; x_wconf 89' lang='lat' dir='ltr'><strong>inquam,</strong></span> <span class='ocrx_word' id='word_1_135' title='bbox 333 2270 542 2340; x_wconf 76' lang='lat' dir='ltr'><strong>“arbitratu’&#39;</strong></span> <span class='ocrx_word' id='word_1_136' title='bbox 590 2268 609 2295; x_wconf 78' lang='lat'><strong><em>“</em></strong></span> <span class='ocrx_word' id='word_1_137' title='bbox 621 2282 670 2341; x_wconf 88' lang='lat' dir='ltr'><strong>Sic</strong></span> <span class='ocrx_word' id='word_1_138' title='bbox 692 2283 800 2340; x_wconf 89' lang='lat' dir='ltr'><strong>faciam</strong></span> <span class='ocrx_word' id='word_1_139' title='bbox 821 2283 943 2354; x_wconf 82' lang='lat' dir='ltr'><strong>igitur,&#39;&#39;</strong></span> <span class='ocrx_word' id='word_1_140' title='bbox 960 2287 1080 2353; x_wconf 88' lang='lat' dir='ltr'><strong>inquit:</strong></span> 
     </span>
     <span class='ocr_line' id='line_1_21' title="bbox 185 2379 1081 2462; baseline 0 -13"><span class='ocrx_word' id='word_1_141' title='bbox 185 2379 302 2449; x_wconf 80' lang='lat' dir='ltr'><strong>“unam</strong></span> <span class='ocrx_word' id='word_1_142' title='bbox 317 2411 382 2448; x_wconf 90' lang='lat' dir='ltr'><strong>rem</strong></span> <span class='ocrx_word' id='word_1_143' title='bbox 397 2391 555 2462; x_wconf 88' lang='lat' dir='ltr'><strong>explicabo</strong></span> <span class='ocrx_word' id='word_1_144' title='bbox 568 2411 695 2462; x_wconf 89' lang='lat' dir='ltr'><strong>eamque</strong></span> <span class='ocrx_word' id='word_1_145' title='bbox 708 2396 884 2459; x_wconf 90' lang='lat' dir='ltr'><strong>maximam;</strong></span> <span class='ocrx_word' id='word_1_146' title='bbox 900 2391 939 2448; x_wconf 92' lang='lat' dir='ltr'><strong>de</strong></span> <span class='ocrx_word' id='word_1_147' title='bbox 950 2391 1081 2462; x_wconf 88' lang='lat' dir='ltr'><strong>physicis</strong></span> 
     </span>
     <span class='ocr_line' id='line_1_22' title="bbox 184 2498 1077 2570; baseline 0.001 -14"><span class='ocrx_word' id='word_1_148' title='bbox 184 2501 256 2557; x_wconf 82' lang='lat' dir='ltr'><strong>alias</strong></span> <span class='ocrx_word' id='word_1_149' title='bbox 268 2519 274 2568; x_wconf 94' lang='grc'>;</span> <span class='ocrx_word' id='word_1_150' title='bbox 297 2508 330 2557; x_wconf 89' lang='lat' dir='ltr'><strong>et</strong></span> <span class='ocrx_word' id='word_1_151' title='bbox 344 2498 467 2570; x_wconf 90' lang='lat' dir='ltr'><strong>quidem</strong></span> <span class='ocrx_word' id='word_1_152' title='bbox 482 2501 539 2556; x_wconf 87' lang='lat' dir='ltr'><strong>tibi</strong></span> <span class='ocrx_word' id='word_1_153' title='bbox 554 2507 587 2556; x_wconf 93' lang='lat' dir='ltr'><strong>et</strong></span> <span class='ocrx_word' id='word_1_154' title='bbox 601 2499 841 2558; x_wconf 89' lang='lat' dir='ltr'><strong>declinationem</strong></span> <span class='ocrx_word' id='word_1_155' title='bbox 859 2504 949 2557; x_wconf 88' lang='lat' dir='ltr'><strong>istam</strong></span> <span class='ocrx_word' id='word_1_156' title='bbox 963 2507 1077 2557; x_wconf 93' lang='lat' dir='ltr'><strong>atomo-</strong></span> 
     </span>
     <span class='ocr_line' id='line_1_23' title="bbox 185 2610 1080 2683; baseline 0 -14"><span class='ocrx_word' id='word_1_157' title='bbox 185 2633 252 2669; x_wconf 88' lang='lat' dir='ltr'><strong>rum</strong></span> <span class='ocrx_word' id='word_1_158' title='bbox 275 2620 308 2669; x_wconf 90' lang='lat' dir='ltr'><strong>et</strong></span> <span class='ocrx_word' id='word_1_159' title='bbox 330 2610 573 2681; x_wconf 84' lang='lat' dir='ltr'><strong>magnitudinem</strong></span> <span class='ocrx_word' id='word_1_160' title='bbox 596 2612 665 2668; x_wconf 92' lang='lat' dir='ltr'><strong>solis</strong></span> <span class='ocrx_word' id='word_1_161' title='bbox 690 2613 833 2683; x_wconf 89' lang='lat' dir='ltr'><strong>probabo,</strong></span> <span class='ocrx_word' id='word_1_162' title='bbox 856 2619 888 2669; x_wconf 94' lang='lat' dir='ltr'><strong>et</strong></span> <span class='ocrx_word' id='word_1_163' title='bbox 913 2611 1080 2671; x_wconf 91' lang='lat' dir='ltr'><strong>Democriti</strong></span> 
     </span>
    </p>
   </div>
   <div class='ocr_carea' id='block_1_5' title="bbox 186 2718 1082 2890">
    <p class='ocr_par' dir='ltr' id='par_1_5' title="bbox 186 2718 1082 2890">
     <span class='ocr_line' id='line_1_24' title="bbox 186 2718 1079 2789; baseline -0.004 -13"><span class='ocrx_word' id='word_1_164' title='bbox 186 2725 284 2776; x_wconf 87' lang='lat' dir='ltr'><strong>errata</strong></span> <span class='ocrx_word' id='word_1_165' title='bbox 298 2719 336 2775; x_wconf 94' lang='lat' dir='ltr'><strong>ab</strong></span> <span class='ocrx_word' id='word_1_166' title='bbox 352 2718 482 2789; x_wconf 91' lang='lat' dir='ltr'><strong>Epicuro</strong></span> <span class='ocrx_word' id='word_1_167' title='bbox 502 2718 686 2789; x_wconf 87' lang='lat' dir='ltr'><strong>reprehensa</strong></span> <span class='ocrx_word' id='word_1_168' title='bbox 711 2726 743 2776; x_wconf 93' lang='lat' dir='ltr'><strong>et</strong></span> <span class='ocrx_word' id='word_1_169' title='bbox 764 2725 899 2776; x_wconf 87' lang='lat' dir='ltr'><strong>correcta</strong></span> <span class='ocrx_word' id='word_1_170' title='bbox 920 2718 1079 2789; x_wconf 91' lang='lat' dir='ltr'><strong>permulta.</strong></span> 
     </span>
     <span class='ocr_line' id='line_1_25' title="bbox 187 2818 1082 2890; baseline -0.003 -13"><span class='ocrx_word' id='word_1_171' title='bbox 187 2821 276 2877; x_wconf 90' lang='lat' dir='ltr'><strong>Nunc</strong></span> <span class='ocrx_word' id='word_1_172' title='bbox 288 2819 386 2876; x_wconf 88' lang='lat' dir='ltr'><strong>dicam</strong></span> <span class='ocrx_word' id='word_1_173' title='bbox 397 2819 436 2876; x_wconf 91' lang='lat' dir='ltr'><strong>de</strong></span> <span class='ocrx_word' id='word_1_174' title='bbox 447 2818 613 2890; x_wconf 88' lang='lat' dir='ltr'><strong>voluptate,</strong></span> <span class='ocrx_word' id='word_1_175' title='bbox 626 2819 702 2875; x_wconf 91' lang='lat' dir='ltr'><strong>nihil</strong></span> <span class='ocrx_word' id='word_1_176' title='bbox 718 2818 834 2877; x_wconf 91' lang='lat' dir='ltr'><strong>scilicet</strong></span> <span class='ocrx_word' id='word_1_177' title='bbox 843 2824 923 2890; x_wconf 88' lang='lat' dir='ltr'><strong>novi,</strong></span> <span class='ocrx_word' id='word_1_178' title='bbox 934 2840 970 2876; x_wconf 87' lang='lat' dir='ltr'><strong>ea</strong></span> <span class='ocrx_word' id='word_1_179' title='bbox 979 2827 1082 2875; x_wconf 90' lang='lat' dir='ltr'><strong>tamen</strong></span> 
     </span>
    </p>
   </div>
   <div class='ocr_carea' id='block_1_6' title="bbox 187 2912 1079 2997">
    <p class='ocr_par' dir='ltr' id='par_1_6' title="bbox 187 2912 1079 2997">
     <span class='ocr_line' id='line_1_26' title="bbox 187 2912 1079 2997; baseline 0 -15"><span class='ocrx_word' id='word_1_180' title='bbox 187 2946 265 2997; x_wconf 90' lang='lat' dir='ltr'><strong>quae</strong></span> <span class='ocrx_word' id='word_1_181' title='bbox 277 2934 309 2983; x_wconf 87' lang='lat' dir='ltr'><strong>te</strong></span> <span class='ocrx_word' id='word_1_182' title='bbox 321 2930 419 2997; x_wconf 92' lang='lat' dir='ltr'><strong>ipsum</strong></span> <span class='ocrx_word' id='word_1_183' title='bbox 430 2927 627 2996; x_wconf 87' lang='lat' dir='ltr'><strong>probaturum</strong></span> <span class='ocrx_word' id='word_1_184' title='bbox 638 2945 704 2983; x_wconf 91' lang='lat' dir='ltr'><strong>esse</strong></span> <span class='ocrx_word' id='word_1_185' title='bbox 716 2925 894 2984; x_wconf 89' lang='lat' dir='ltr'><strong>confidam.&#39;’</strong></span> <span class='ocrx_word' id='word_1_186' title='bbox 929 2912 948 2938; x_wconf 79' lang='lat'><strong><em>“</em></strong></span> <span class='ocrx_word' id='word_1_187' title='bbox 959 2921 1079 2993; x_wconf 87' lang='lat' dir='ltr'><strong>Certe,’&#39;</strong></span> 
     </span>
    </p>
   </div>
   <div class='ocr_carea' id='block_1_7' title="bbox 350 3081 881 3141">
    <p class='ocr_par' dir='ltr' id='par_1_7' title="bbox 350 3081 881 3141">
     <span class='ocr_line' id='line_1_27' title="bbox 350 3081 881 3141; baseline 0.002 -10"><span class='ocrx_word' id='word_1_188' title='bbox 350 3081 514 3133; x_wconf 79' lang='lat' dir='ltr'><strong>¹iracundae</strong></span> <span class='ocrx_word' id='word_1_189' title='bbox 524 3084 597 3133; x_wconf 91' lang='lat' dir='ltr'><strong>Mdv.</strong></span> <span class='ocrx_word' id='word_1_190' title='bbox 604 3101 611 3141; x_wconf 89' lang='lat'>;</span> <span class='ocrx_word' id='word_1_191' title='bbox 629 3083 789 3132; x_wconf 80' lang='lat' dir='ltr'><strong>iracundiae</strong></span> <span class='ocrx_word' id='word_1_192' title='bbox 803 3083 881 3132; x_wconf 91' lang='lat' dir='ltr'><strong>MSS.</strong></span> 
     </span>
    </p>
   </div>
   <div class='ocr_carea' id='block_1_8' title="bbox 276 3167 314 3217">
    <p class='ocr_par' dir='ltr' id='par_1_8' title="bbox 276 3167 314 3217">
     <span class='ocr_line' id='line_1_28' title="bbox 276 3167 314 3217; baseline 0 0"><span class='ocrx_word' id='word_1_193' title='bbox 276 3167 314 3217; x_wconf 84' lang='lat'><strong>30</strong></span> 
     </span>
    </p>
   </div>
   <div class='ocr_carea' id='block_1_9' title="bbox 0 0 1175 3698">
    <p class='ocr_par' dir='ltr' id='par_1_9' title="bbox 0 0 1175 3698">
     <span class='ocr_line' id='line_1_29' title="bbox 0 0 1175 3698; baseline 0 0"><span class='ocrx_word' id='word_1_194' title='bbox 0 0 1175 3698; x_wconf 95' lang='lat' dir='ltr'><strong> </strong></span> 
     </span>
    </p>
   </div>
  </div>
 </body>
</html>
