2332 3698
402 228 552 287 CICERO
575 228 632 286 DE
655 227 823 286 FlNlBUS

167 354 241 408 vitio
261 350 293 407 id
317 354 439 407 eveniat
461 358 566 407 tamen
589 354 621 406 in
645 369 769 421 corpore
792 351 905 406 mutari
928 347 1063 404 hominis

108 444 147 503 36
168 454 276 503 natura
290 445 437 503 videatur.
462 446 570 517 ltaque
586 466 603 504 e
618 450 768 503 contrario
782 445 933 502 moderati
948 462 1061 513 aequa·

168 543 305 612 bilesque
328 543 460 613 habitus,
484 542 659 600 affectiones
682 561 814 612 ususque
838 544 973 610 corporis
996 541 1061 609 apti

168 637 233 694 esse
248 638 287 694 ad
303 645 442 695 naturam
456 639 607 696 videntur.
838 621 841 627 ’

211 719 303 791 “lam
314 754 385 791 vero
396 739 514 792 animus
525 755 587 792 non
600 753 665 792 esse
677 732 774 791 solum
786 732 840 790 sed
853 736 948 789 etiarn
960 734 1059 788 cuius-

168 830 238 887 dam
253 830 335 888 modi
350 830 445 887 debet
460 850 536 901 esse,
548 838 584 887 ut
595 838 627 888 et
638 850 743 887 omnes
754 837 856 900 partes
867 848 935 885 suas
946 827 1060 885 habeat

167 926 335 984 incolumes
359 935 391 984 et
414 927 453 984 de
477 928 640 984 virtutibus
663 926 747 983 nulla
770 926 857 983 desit.
903 925 1010 994 Atque
1029 928 1059 980 in

168 1023 368 1080 sensibus‘est
382 1043 435 1080 sua
450 1027 594 1093 cuiusque
609 1027 713 1092 virtus,
725 1029 760 1078 ut
774 1041 814 1078 ne
825 1020 899 1091 quid
910 1019 1061 1091 impediat

167 1137 227 1189 quo
246 1123 346 1175 minus
366 1138 419 1175 suo
440 1138 545 1175 sensus
565 1122 692 1188 quisque
713 1137 840 1174 munere
859 1116 1008 1186 fungatur
1021 1120 1060 1172 .in

96 1239 98 1245 ·
167 1219 202 1270 iis
227 1215 318 1271 rebus
343 1215 486 1271 celeriter
514 1214 719 1285 expediteque
748 1202 966 1285 percipiendis·
979 1231 1058 1283 quae

169 1310 323 1366 subiectae
335 1318 408 1367 sunt
418 1311 563 1367 sensibus,
604 1309 692 1366 XIII.
717 1309 822 1365 Animi
832 1315 936 1364 autem
949 1315 982 1365 et
994 1312 1060 1365 eius

166 1409 260 1461 animi
275 1409 368 1475 partis
384 1425 461 1475 quae
476 1410 617 1476 princeps
633 1413 681 1462 est
698 1424 837 1475 quaeque
855 1423 942 1460 mens
960 1408 1059 1460 nomi-

167 1508 257 1557 natur
278 1501 380 1570 plures
403 1509 473 1558 sunt
495 1505 633 1570 virtutes,
656 1501 711 1558 sed
732 1501 793 1558 duo
815 1504 912 1571 prima
932 1519 1060 1569 genera,

167 1616 262 1652 unum
281 1615 385 1652 earum
404 1615 481 1666 quae
501 1600 722 1666 ingenerantur
741 1604 849 1667 suapte
872 1603 982 1652 natura
1004 1615 1060 1667 ap-

166 1691 380 1762 pellanturque
395 1711 458 1748 non
472 1692 670 1762 voluntariae,
685 1681 832 1750 alterum1
855 1711 958 1749 earum
979 1712 1059 1762 quae

166 1792 198 1844 in
214 1787 372 1845 voluntate
387 1791 503 1858 positae
519 1792 615 1859 magis
630 1792 751 1859 proprio
769 1792 892 1844 nomine
910 1786 1060 1858 appellari

167 1884 277 1955 solent,
286 1904 413 1955 quarum
424 1891 472 1941 est
484 1884 636 1941 excellens
647 1888 679 1951 in
690 1888 859 1940 animorum
869 1883 959 1940 laude
971 1903 1060 1954 prae-

168 1984 287 2037 stantia.
333 1979 442 2036 Prioris
452 1983 574 2050 generis
586 1987 633 2037 est
644 1979 793 2050 docilitas,
804 1983 964 2044 memoria;
979 1999 1060 2050 quae

167 2075 231 2132 fere
252 2079 353 2132 omnia
371 2076 565 2146 appellantur
585 2095 646 2132 uno
665 2080 771 2145 ingeni
791 2079 925 2145 nomine,
945 2095 1059 2146 easque

167 2176 295 2229 virtutes
320 2175 371 2241 qui
396 2170 514 2228 habent
541 2175 691 2242 ingeniosi
715 2178 868 2228 vocantur.
913 2170 1059 2230 Alterum

167 2274 270 2324 autem
293 2285 390 2336 genus
414 2275 462 2324 est
484 2287 663 2337 magnarum
686 2285 885 2336 verarumque
908 2270 1059 2326 virtutum

166 2381 239 2433 quas
262 2361 451 2431 appellamus
474 2362 668 2433 voluntarias,
691 2371 726 2420 ut
750 2362 955 2434 prudentiam,
976 2370 1058 2420 tem-

165 2461 344 2529 perantiam,
356 2456 579 2529 fortitudinem,
591 2463 738 2517 iustitiam
750 2467 782 2517 et
793 2459 923 2528 reliquas
934 2463 1058 2529 generis

165 2553 309 2611 eiusdem.

104 2654 141 2710 37
207 2636 224 2662 ‘⁶
233 2649 274 2706 Et
289 2655 462 2707 summatim
477 2652 600 2722 quidem
615 2651 691 2709 haee
706 2659 794 2709 erant
804 2651 843 2709 de
855 2671 979 2722 corpore
990 2656 1056 2708 ani-

165 2764 275 2815 moque
297 2744 438 2816 dicenda,
454 2748 563 2817 quibus
585 2752 671 2818 quasi
692 2747 889 2805 informatum
911 2754 959 2804 est
981 2747 1056 2818 quid

165 2840 296 2898 hominis
320 2848 429 2898 natura
451 2842 603 2913 postulet3
634 2864 671 2900 ex
695 2863 756 2914 quo
779 2848 973 2914 perspicuum
997 2851 1055 2914 est,

165 2940 307 3007 quoniam
321 2940 377 3007 ipsi
392 2957 410 2992 a
424 2938 511 2995 nobis
522 2938 683 3008 diligamur
694 2943 854 3009 omniaque
867 2946 900 2996 et
910 2942 941 2995 in
953 2942 1056 2996 animo

270 3113 403 3162 ¹alterum
415 3110 460 3160 inf.
476 3109 565 3169 MSS„
577 3109 664 3167 Mdv.;
682 3111 796 3159 alterum
808 3114 898 3158 autem
911 3110 943 3159 E.

247 3196 307 3248 432
