2332 3698
402 221 553 281 CICERO
575 223 633 280 DE
654 221 823 281 FINIBUS

167 347 199 401 in
213 347 352 401 maximis
366 345 457 401 lucris
472 343 597 414 paulum
611 343 726 414 aliquid
740 343 844 400 damni
862 349 1054 430 contraxerit

168 439 218 496 An
246 439 304 496 hoc
332 459 560 511 usquequaque,
585 438 675 497 aliter
702 444 735 496 in
763 441 843 496 vita?
875 447 908 497 et
932 459 996 498 non
1020 459 1057 498 ex

166 539 296 592 maxima
311 544 398 607 parte
414 535 453 593 de
467 542 534 593 tota
547 535 713 592 iudicabis?
735 555 775 592 an
786 535 914 593 dubium
926 543 974 594 est
985 541 1057 608 quin

166 635 261 688 virtus
275 635 319 689 ita
332 635 495 689 maximam
509 639 629 703 partem
643 632 783 689 obtineat
796 635 829 688 in
843 632 935 690 rebus
952 631 1057 690 huma·

144 730 212 801 ‚nis
226 733 262 784 ut
276 727 406 798 reliquas
424 728 550 784 obruat?
593 725 724 784 Audebo
742 729 837 798 igitur
856 735 961 787 cetera
981 747 1057 799 quae

166 823 335 880 secundum
349 830 489 881 naturam
504 827 566 880 sint
580 823 661 880 bona
674 822 829 895 appellare
844 843 903 882 nec
918 823 1057 882 fraudare

165 939 219 977 suo
234 928 339 979 vetere
354 924 477 978 nomine
492 923 593 991 potius
608 937 699 990 quam
712 906 853 989 aliquodl
872 938 987 977 novum
1007 939 1058 978 ex·

165 1020 301 1087 quirere;
322 1020 443 1074 virtutis
458 1023 562 1073 autem
577 1015 811 1086 amplitudinem
822 1019 907 1086 quasi
918 1019 951 1073 in
961 1016 1058 1074 altera

104 1117 144 1177 92
166 1111 262 1170 librae
283 1112 371 1169 lance
393 1131 516 1182 ponere.
560 1111 695 1182 Terram,
710 1110 785 1168 mihi
807 1111 909 1182 crede,
928 1114 965 1170 ea'
986 1111 1057 1169 lanx

165 1215 198 1266 et
212 1212 306 1265 maria
320 1207 480 1278 deprimet.
526 1207 654 1278 Semper
669 1210 752 1264 enim
767 1225 805 1264 ex
821 1226 857 1264 eo
869 1207 952 1278 quod
962 1212 1057 1265 maxi-

164 1324 228 1362 mas
248 1312 350 1376 partes
370 1307 511 1361 continet
532 1302 739 1375 latissimeque
761 1301 903 1360 funditur
922 1311 990 1362 tota
1009 1324 1057 1362 res

163 1399 342 1470 appellatur.
389 1399 525 1457 Dicimus
550 1398 683 1470 aliquem
709 1397 805 1455 hilare
831 1403 953 1469 vivere3
983 1419 1056 1471 ergo

164 1500 189 1552 si
203 1495 299 1553 semel
316 1500 431 1554 tristior
451 1495 576 1552 effectus
597 1502 644 1553 est
663 1493 760 1551 hilara
779 1499 841 1551 vita
861 1498 970 1553 amissa
990 1497 1056 1554 est?

102 1649 104 1652 ,
164 1588 208 1646 At
230 1589 288 1647 hoc
313 1594 346 1647 in
370 1611 406 1648 eo
430 1591 472 1648 M.
498 1590 614 1661 Crasso,
638 1609 730 1661 quem
753 1589 849 1648 semel
871 1595 915 1648 ait
937 1595 970 1648 in
994 1595 1055 1649 vita

162 1689 261 1743 risisse
271 1685 483 1758 Lucilius,non
492 1689 674 1756 contigit,ut
683 1706 719 1743 ea
727 1705 760 1742 re
769 1690 869 1743 minus
879 1683 1052 1756 ἀγέλαστος,

162 1789 198 1839 ut
212 1786 255 1839 ait
265 1783 358 1854 idem,
370 1791 535 1840 vocaretur.
584 1781 774 1852 Polycratem
786 1781 921 1840 Samium
932 1781 1053 1840 felicem

162 1878 365 1950 appellabant.
417 1878 502 1936 Nihil
527 1877 680 1935 acciderat
706 1881 734 1934 ei
760 1877 843 1948 quod
870 1877 969 1936 nollet
997 1882 1053 1936 nisi

162 1975 244 2045 quod
265 1976 390 2033 anulum
412 1995 471 2047 quo
497 1974 709 2032 delectabatur
733 1977 766 2030 in
791 1977 866 2030 mari
890 1974 1051 2032 abiecerat.

162 2069 243 2141 Ergo
262 2070 370 2128 infelix
390 2091 450 2128 una
469 2069 619 2141 molestia,
639 2067 714 2127 felix
734 2088 835 2127 rursus
854 2088 925 2126 cum
944 2073 969 2127 is
989 2074 1053 2142 ipse

160 2166 268 2225 anulus
297 2171 329 2223 in
357 2166 540 2239 praecordiis
576 2169 666 2238 piscis
702 2169 845 2222 inventus
882 2166 952 2223 est?
996 2165 1053 2223 llle

160 2267 276 2319 verosi
301 2266 448 2333 insipiens
474 2248 570 2332 (quod
594 2268 688 2331 certe,
713 2263 855 2332 quoniam
880 2249 1052 2332 tyrannus),

160 2377 326 2429 numquam
340 2359 463 2426 beatus3
485 2361 509 2415 si
525 2361 655 2428 sapiens,
670 2375 711 2414 ne
728 2363 795 2414 tum
815 2355 941 2426 quidem
961 2361 1052 2416 miser

160 2472 229 2510 cum
244 2455 282 2512 ab
298 2454 414 2513 Oroete
428 2460 570 2526 praetore
586 2452 679 2509 Darei
694 2456 727 2509 in
744 2443 866 2511 crucem
885 2459 972 2510 actus
992 2460 1047 2511 est.

160 2535 219 2607 ‘At
232 2549 336 2608 multis
347 2549 433 2607 malis
444 2547 589 2608 affectus’
633 2546 710 2619 Quis
721 2547 834 2618 negat?
857 2547 912 2606 sed
924 2567 960 2606 ea
970 2547 1050 2607 mala

158 2649 278 2704 virtutis
293 2644 505 2718 magnitudine
520 2643 734 2702 obruebantur.

193 2734 199 2762 ¹
204 2736 297 2793 potius
312 2752 395 2800 quam
412 2734 526 2799 aliquod
540 2732 697 2792 Lambinus,
712 2733 824 2790 Mollem
842 2749 924 2797 quam
942 2734 1053 2799 aliquid

159 2798 291 2864 (aliquam
304 2801 335 2860 B,
347 2800 381 2864 E)
390 2801 482 2864 potius
492 2799 582 2858 MSS..
594 2797 668 2847 Mdv.
680 2799 745 2847 with
758 2799 836 2848 mark
845 2798 877 2848 of
882 2801 1047 2865 corruption,

161 2867 330 2930 suggesting
342 2883 421 2931 reque
432 2866 542 2929 aliquid
548 2865 647 2928 potius.

191 2969 255 3018 ⁸i.e.
271 2968 452 3032 ‘unsmillng.'

190 3033 272 3084 l>The
283 3040 361 3099 story
372 3035 396 3083 is
408 3033 465 3082 told
476 3032 512 3098 by
526 3032 693 3092 Herodotus,
706 3047 767 3096 &40
778 3031 833 3082 loll.

193 3099 254 3150 ⁰i.e.
268 3116 304 3149 on
316 3102 361 3149 the
373 3100 544 3163 supposition
556 3101 617 3148 that
628 3099 662 3148 he
674 3114 762 3148 wasa
774 3097 850 3148 Wise
863 3097 940 3150 Man.

239 3174 301 3244 496
