2332 3698
447 227 597 286 CICERO
622 226 679 283 DE
704 225 872 284 FINIBUS

211 354 359 422 perantia,
373 369 443 407 cum
460 348 499 406 de
521 352 658 406 maximis
680 353 760 406 vitiis
783 348 926 418 loquetur
948 354 1107 417 tamquam

212 468 318 536 capitis
333 470 462 520 accuset.

150 585 188 637 28
254 565 341 636 “Sed
370 576 445 635 haec
473 577 598 648 quidem
622 577 746 635 liberius
771 577 809 633 ab
838 595 875 633 eo
903 574 1048 633 dicuntur
1073 582 1108 633 et

212 695 337 763 saepius.
384 689 474 762 Quod
500 692 642 762 equidem
668 710 728 746 non
752 689 922 761 reprendo;
951 696 999 746 est
1021 692 1106 746 enim

212 809 291 863 tanti
312 802 484 876 philosophi
505 812 629 875 tamque
658 803 767 861 nobilis
795 802 941 860 audacter
970 821 1023 859 sua
1051 801 1107 859 de·

212 925 295 976 creta
309 917 486 975 defendere.
525 917 586 975 Sed
601 924 706 974 tamen
721 937 759 974 ex
778 936 815 973 eo
835 916 917 988 quod
938 935 1004 973 eam
1019 915 1106 973 volu·

211 1039 330 1103 ptatem
352 1051 442 1103 quam
464 1050 569 1088 omnes
591 1038 701 1102 gentes
722 1031 780 1088 hoc
802 1034 925 1087 nomine
948 1029 1108 1101 appellant

212 1146 333 1204 videtur
360 1145 526 1217 amplexari
554 1165 644 1217 saepe
674 1144 896 1215 vehementius,
926 1148 957 1201 in
987 1149 1106 1215 magnis

212 1255 367 1312 interdum
382 1262 518 1312 versatur
531 1258 688 1325 angustiis,
700 1261 735 1311 ut
750 1254 907 1311 hominum
918 1257 1106 1312 conscientia

212 1371 330 1421 remota
344 1362 421 1419 nihil
436 1370 499 1419 tam
513 1371 603 1434 turpe
617 1367 657 1420 sit
672 1347 753 1433 quod
765 1362 929 1434 voluptatis
941 1381 1030 1419 causa
1043 1381 1107 1419 non

212 1471 351 1528 videatur
380 1490 445 1528 esse
474 1470 615 1529 facturus
663 1470 785 1529 Deinde
814 1472 866 1528 ubi
895 1471 1018 1528 erubuit
1045 1457 1105 1539 (vis

213 1583 296 1636 enim
311 1586 358 1636 est
372 1598 538 1650 permagna
551 1568 702 1650 naturae),
718 1580 857 1650 confugit
872 1580 944 1637 illuc
959 1587 994 1638 ut
1009 1588 1106 1650 neget

212 1686 358 1744 accedere
370 1687 534 1758 quidquam
549 1708 636 1759 posse
651 1688 689 1745 ad
704 1688 894 1760 voluptatem
908 1688 985 1745 nihil
999 1688 1106 1746 dolen-

212 1799 260 1854 tis.
298 1795 341 1853 At
356 1800 414 1854 iste
429 1816 490 1853 uon
502 1796 627 1854 dolendi
638 1804 734 1854 status
744 1817 806 1871 non
818 1805 942 1854 vocatur
954 1796 1101 1868 voluptaS.

139 1925 145 1935 ’
213 1904 283 1961 Non
297 1904 410 1974 laboro,
425 1909 536 1976 inquit,
550 1905 589 1963 de
605 1903 866 1976 nomine—Quid
881 1905 962 1976 quod
979 1925 1028 1963 res
1045 1905 1105 1963 alia

212 2020 278 2070 tota
288 2021 335 2070 est
345 2012 562 2084 ?-Reperiam
571 2013 684 2070 multos
696 2013 744 2070 vel
755 2013 992 2071 innumerabiles
1004 2017 1106 2085 potius

212 2127 352 2177 nontam
367 2124 497 2210 curiosos
514 2140 572 2178 nec
591 2128 655 2178 tam
674 2121 818 2180 molestos
838 2141 929 2192 quam
949 2141 1000 2178 vos
1021 2127 1104 2192 estiS,

214 2229 323 2298 quibus
352 2228 500 2299 quidquid
529 2229 619 2287 velim
648 2229 737 2288 facile
765 2229 1106 2302 persuadeam—Quid

213 2356 286 2407 ergo
315 2335 489 2394 dubitamus
517 2342 601 2409 quin,
627 2343 652 2396 si
680 2358 742 2395 non
771 2337 876 2396 dolere
901 2339 1040 2410 voluptas
1066 2345 1107 2399 sit

212 2464 338 2514 summa,
361 2463 423 2501 non
444 2464 510 2502 esse
532 2450 564 2502 in
586 2447 743 2518 voluptate
765 2447 852 2504 dolor
873 2451 913 2505 sit
935 2439 1107 2506 maximus?

213 2572 266 2609 cur
280 2551 311 2608 id
330 2571 392 2608 non
412 2556 455 2609 ita
474 2553 649 2626 fitl-Quia
671 2554 767 2612 dolori
789 2575 851 2612 non
873 2555 1011 2626 voluptas
1033 2576 1107 2614 con-

212 2664 304 2718 traria
320 2668 367 2718 est
381 2661 435 2718 sed
450 2660 562 2720 doloris
576 2667 714 2734 privatio.

151 2774 190 2835 29
253 2768 290 2826 Χ.
309 2754 328 2782 “
338 2770 407 2826 Hoc
422 2790 493 2828 vero
504 2791 565 2828 non
577 2772 833 2850 videre,maximo
843 2779 1025 2843 argumento
1037 2793 1106 2833 esse

211 2877 399 2949 voluptatem
420 2879 513 2950 illam,
532 2899 590 2950 qua
611 2879 730 2937 sublata
751 2888 846 2952 neget
867 2901 899 2938 se
922 2881 1107 2954 intellegere

211 2990 334 3044 omnino
348 2987 421 3058 quid
436 2991 476 3045 sit
490 2989 604 3045 bonum
619 2976 700 3056 (eam
714 2996 817 3046 autem
835 2993 878 3046 ita
892 2995 1106 3061 persequitur:

210 3114 288 3166 quae
299 3095 400 3166 palato
411 3099 605 3167 percipiatur,
621 3115 698 3166 quae
713 3098 990 3168 auribuS,—cete1·a
1006 3094 1105 3172 addit,

297 3186 307 3234 l
318 3186 327 3234 l
337 3186 355 3234 4
