2332 3698
418 227 567 286 CICERO
590 227 648 286 DE
670 228 838 287 FINIBUS

182 357 287 407 autem
302 351 418 408 bestiae
433 349 582 420 quaedam
597 353 629 406 in
640 350 749 421 quibus
759 353 840 408 inest
850 350 968 422 aliquid
980 351 1079 410 simile

185 449 315 515 virtutiS,
331 453 367 502 ut
385 450 418 502 in
437 446 587 516 leonibus,
602 453 638 503 ut
657 450 690 502 in
709 447 844 517 canibuS,
858 434 912 503 ut1
926 451 960 504 in
981 451 1077 519 equis,

184 545 217 597 in
231 542 340 612 quibus
354 561 416 598 non
431 560 589 612 corporum
604 540 701 599 solum
712 550 748 598 ut
758 546 791 598 in
801 542 904 600 suibus
916 542 972 599 sed
985 547 1077 601 etiam

184 641 354 694 animorum
368 637 469 708 aliqua
483 657 521 694 ex
540 645 627 708 parte
646 644 747 694 motus
766 637 912 708 quosdam
927 638 1075 696 videmus.

185 733 223 789 In
236 733 360 790 homine
375 741 479 790 autem
490 753 606 791 summa
617 736 714 790 omnis
725 738 818 796 animi
829 741 877 791 est
888 741 920 791 et
931 738 964 790 in
975 739 1077 792 animo

184 833 318 900 rationis,
339 849 376 886 ex
400 849 459 900 qua
482 833 577 886 virtus
600 836 657 899 est,
677 848 754 899 quae
778 833 902 887 rationis
925 831 1076 890 absolutio

185 924 338 995 delinitur,
367 945 458 996 quam
487 929 579 983 etiam
604 933 697 996 atque
734 930 827 983 etiam
863 925 1076 996 explicandam

183 1028 302 1092 putant.

124 1122 163 1182 39
227 1103 365 1174 “Earum
387 1122 480 1174 etiam
499 1137 600 1174 rerum
620 1136 694 1187 quas
713 1125 795 1174 terra
814 1121 915 1188 gignit
934 1118 1076 1177 educatio

185 1213 334 1284 quaedam
350 1221 383 1270 et
397 1213 545 1285 perfectio
560 1220 684 1270 estnon
695 1212 848 1271 dissimilis
858 1217 1076 1282 animantium
1162 1207 1166 1223 ²

184 1314 287 1380 itaque
303 1318 335 1367 et
351 1314 450 1367 vivere
466 1314 560 1366 vitem
578 1317 611 1366 et
627 1313 704 1366 mori
722 1309 860 1380 dicimus,
874 1311 1075 1382 arboremque

184 1413 217 1462 et
230 1406 382 1462 novellam
402 1413 435 1461 et
456 1404 590 1462 vetulam
610 1413 642 1462 et
662 1409 765 1476 vigere
786 1412 818 1462 et
838 1425 1014 1475 senescere;
1036 1426 1075 1465 ex

183 1520 242 1571 quo
257 1521 319 1557 non
334 1508 381 1557 est
395 1500 529 1557 alienum
544 1509 579 1558 ut
593 1502 797 1559 animantibus
815 1505 857 1559 sic
875 1501 934 1560 illis
952 1510 984 1561 et
1003 1511 1076 1575 apta

182 1597 331 1668 quaedam
356 1597 395 1654 ad
419 1605 560 1658 naturam
584 1605 693 1667 putare
719 1606 752 1656 et
774 1597 884 1669 aliena,
907 1618 1075 1671 earumque

182 1693 390 1764 augendarum
405 1701 438 1751 et
455 1693 633 1752 alendarum
651 1693 804 1764 quandam
821 1693 980 1753 cultricem
997 1715 1076 1769 esse,

182 1809 259 1860 quae
275 1793 315 1847 sit
329 1794 456 1847 scientia
470 1797 563 1860 atque
578 1809 625 1846 ars
636 1788 846 1860 agricolarum,
857 1809 935 1859 quae
946 1794 1075 1848 circum-

183 1885 431 1957 cidat,amputet,
438 1890 545 1956 erigat,
553 1885 690 1955 extollat,
697 1885 907 1955 adminiculet,
913 1893 948 1943 ut
955 1906 1075 1957 quona-

183 1982 251 2032 tura
262 1975 341 2031 ferat
352 1994 388 2031 eo
400 1978 517 2046 possint
527 1979 587 2041 ire3
598 1981 633 2030 ut
644 1978 727 2045 ipsae
738 1978 816 2031 vites
828 1979 852 2032 si
863 1975 946 2045 loqui
956 1981 1075 2047 possint

182 2067 226 2121 ita
240 2083 272 2120 se
284 2064 457 2120 tractandas
468 2063 659 2132 tuendasque
677 2082 743 2120 esse
755 2063 918 2121 fateantur.
936 2063 977 2122 Et
991 2085 1074 2123 nunc

182 2151 307 2222 quidem
332 2153 413 2223 quod
439 2172 505 2208 eam
530 2159 645 2221 tuetur,
671 2159 706 2208 ut
731 2152 770 2208 de
796 2156 858 2210 vite
883 2157 1075 2224 potissimum

182 2241 297 2312 loquar,
309 2249 357 2298 est
367 2241 399 2298 id
414 2245 617 2309 extrinsecus3
631 2236 664 2297 in
676 2245 740 2312 ipsa
752 2246 833 2299 enim
844 2261 951 2312 parum
961 2263 1074 2314 magna

182 2333 226 2386 vis
246 2334 327 2387 inest
344 2337 379 2386 ut
399 2349 489 2400 quam
510 2334 624 2401 optime
645 2349 677 2388 se
697 2330 810 2388 habere
830 2335 925 2402 possit
944 2335 969 2388 si
989 2332 1074 2391 nulla

121 2425 160 2475 40
183 2418 301 2475 cultura
314 2418 502 2476 adhibeatur.
548 2420 592 2476 At
607 2439 678 2476 vero
693 2424 718 2479 si
732 2420 772 2477 ad
787 2424 881 2477 vitem
899 2439 1005 2479 sensus
1023 2442 1072 2480 ac-

181 2512 316 2577 cesserit,
340 2516 375 2565 ut
398 2512 569 2579 appetitum
593 2507 747 2578 quendam
770 2508 883 2568 habeat
906 2517 938 2567 et
960 2529 1016 2581 per
1040 2531 1073 2570 se

181 2601 246 2668 ipsa
264 2604 431 2667 moveatur,
451 2596 524 2667 quid
547 2596 696 2655 facturam
718 2599 825 2668 putas?
868 2599 918 2655 An
939 2617 1073 2670 eaquae

181 2705 236 2757 per
250 2689 412 2743 vinitorem
426 2693 518 2743 antea
532 2687 775 2756 consequebatur
788 2707 844 2759 per
858 2707 891 2744 se
905 2691 970 2759 ipsa
987 2707 1073 2746 cura·

474 2780 483 2810 ¹
493 2787 525 2831 ut
535 2782 655 2832 inserted
667 2782 702 2847 by
715 2783 775 2832 edd.

215 2909 304 2957 aThis
320 2909 458 2958 definition
476 2908 507 2958 of
521 2911 607 2958 moral
619 2909 704 2958 virtue
721 2910 776 2958 and
788 2911 833 2960 the
845 2910 967 2961 doctrine
984 2911 1074 2960 above

183 2975 214 3023 of
222 2976 257 3023 its
270 2976 432 3038 superiority
443 2982 472 3023 to
485 2976 650 3024 intellectual
663 2976 814 3024 excellence
826 2975 883 3037 (the
895 2982 976 3024 exact
988 2992 1075 3040 oppo-

183 3041 234 3090 site
246 3040 277 3089 of
285 3041 439 3090 Aristotle's
451 3040 532 3103 view)
541 3057 588 3090 are
601 3041 675 3090 Stoic
687 3048 776 3091 tenets
787 3040 886 3092 soisted
897 3058 931 3093 on
941 3044 987 3092 the
1001 3043 1074 3093 Peri·

181 3107 299 3173 patetics
311 3105 347 3170 by
359 3106 516 3156 Antiochus.

264 3181 324 3251 436
