2332 3698
461 230 612 288 CICERO
636 230 694 289 DE
716 230 885 289 FINIBUS

227 382 263 419 ea
289 382 366 432 quae
392 367 454 420 sint
482 384 620 435 quaeque
650 374 813 423 cernantur
840 368 957 434 omnia3
989 382 1119 434 eumque

228 478 346 527 motum
365 478 534 529 atomorum
552 473 637 530 nullo
656 495 673 530 a
690 478 839 546 principio
859 473 912 530 sed
935 493 972 530 ex
994 480 1119 530 aeterno

169 584 204 634 18
228 586 366 649 tempore
395 580 536 651 intellegi
561 587 731 640 convenire.
777 582 924 654 Epicurus
949 589 1062 653 autem,
1088 584 1120 638 in

227 687 335 757 quibus
347 692 483 758 sequitur
492 689 712 761 Democritum,
721 711 783 748 non
792 690 857 748 fere
865 690 984 748 labitur.
1006 689 1119 761 Quam-

231 816 321 867 quam
336 801 493 869 utriusque
508 819 578 856 cum
592 798 689 856 multa
706 819 768 856 non
788 800 893 871 probo,
908 806 974 855 tum
993 796 1070 855 illud
1088 801 1120 853 in

229 909 343 977 primis,
364 907 455 976 quod,
474 927 543 964 eum
563 912 595 963 in
612 927 713 964 rerum
735 915 844 965 natura
865 906 925 964 duo
947 905 1119 978 quaerenda

229 1019 300 1085 sint,
325 1035 418 1071 unum
445 1034 523 1085 quae
546 1020 673 1072 materia
698 1020 738 1073 sit
763 1035 800 1073 ex
826 1036 885 1086 qua
909 1034 1048 1086 quaeque
1072 1033 1120 1071 res

229 1122 384 1192 efficiatur,
391 1122 530 1180 'alterum
545 1144 622 1194 quac
638 1127 681 1180 vis
701 1129 741 1181 sit
755 1144 832 1194 quae
848 1123 982 1194 quidque
1002 1123 1119 1192 efficiat,

229 1229 268 1288 de
291 1236 418 1288 materia
441 1232 659 1302 disseruerunt,
683 1236 743 1289 vim
769 1240 802 1290 et
827 1251 946 1289 causam
972 1229 1120 1290 efficiendi

228 1338 425 1408 reliquerunt.
464 1339 524 1397 Sed
537 1339 594 1396 hoc
604 1360 763 1397 commune
773 1344 896 1407 vitium;
917 1338 987 1397 illae
999 1339 1121 1410 Epicuri

229 1451 367 1517 propriae
382 1451 502 1504 ruinae:
525 1455 631 1504 censet
646 1451 728 1504 enim
739 1448 847 1505 eadem
858 1447 910 1504 illa
923 1447 1080 1505 individua
1090 1453 1121 1504 et

229 1552 322 1610 solida
338 1574 462 1625 corpora
476 1554 548 1612 ferri
562 1554 704 1612 deorsum
718 1575 772 1612 suo
789 1554 924 1626 pondere
938 1554 977 1611 ad
991 1554 1121 1612 lineamt

229 1661 311 1718 hunc
340 1662 510 1719 naturalem
546 1683 611 1720 esse
640 1667 775 1720 omnium
804 1684 962 1735 corporum
990 1671 1122 1732 mo'tum;

172 1775 208 1834 19
230 1769 342 1828 deinde
357 1771 472 1828 ibidem
487 1772 577 1829 homo
592 1779 707 1842 acutus
723 1793 792 1829 cum
806 1772 882 1829 illud
902 1779 1084 1843 occurreret,
1099 1774 1123 1829 si
1146 1767 1148 1771 ¹

230 1883 331 1936 omnia
352 1880 493 1937 deorsum
515 1900 532 1937 e
554 1885 679 1951 regione
700 1880 853 1938 ferrentur
873 1888 916 1951 et,
935 1888 971 1938 ut
991 1880 1064 1951 dixi,
1084 1879 1123 1938 ad

230 1985 352 2058 lineam,
381 2007 548 2058 numquam
576 1988 640 2045 fore
669 1996 705 2045 ut
733 1996 851 2046 atomus
876 1988 972 2046 altera
996 1988 1128 2045 alteram>

231 2103 333 2165 posset
352 2100 516 2165 attingere,
531 2099 634 2166 itaque
655 2096 760 2153 attulit
779 2116 845 2153 rem
865 2100 1124 2154 commenticiam:

231 2203 383 2262 declinare
399 2205 477 2262 dixit
491 2211 626 2262 atomum
646 2205 835 2277 perpaulum,
850 2226 910 2276 quo
929 2204 1005 2262 nihil
1020 2213 1124 2276 posset

231 2311 294 2369 fieri
309 2317 408 2370 minus
416 2332 423 2381 ;
445 2317 488 2370 ita
503 2314 579 2370 effici
593 2314 817 2385 complexiones
829 2321 861 2371 et
872 2313 1079 2385 copulationes
1091 2320 1124 2371 et

231 2419 429 2479 adhaesiones
449 2429 619 2479 atomorum
642 2426 723 2480 inter
745 2443 788 2493 se,
812 2443 849 2480 ex
873 2442 932 2494 quo
954 2423 1124 2480 efficeretur

232 2527 362 2585 mundus
391 2547 557 2598 omnesque
586 2529 688 2599 partes
715 2527 822 2585 mundi
851 2548 989 2599 quaeque
1025 2530 1057 2583 in
1086 2524 1145 2585 eo'

233 2643 344 2692 essent.
389 2635 475 2706 Quae
491 2655 559 2692 cum
575 2655 623 2692 res
643 2642 709 2692 tota
728 2634 798 2692 ficta
817 2640 857 2693 sit
874 2634 1041 2707 pueriliter,
1056 2641 1123 2692 tum

231 2763 270 2801 ne
282 2745 373 2801 efficit
387 2732 527 2815 quidem1
539 2744 620 2816 quod
635 2743 708 2800 vult.
740 2745 819 2800 Nam
834 2752 866 2801 et
881 2748 945 2815 ipsa
960 2742 1125 2802 declinatio

231 2851 270 2909 ad
294 2853 454 2910 libidinem
479 2853 604 2923 fingitur
627 2838 683 2920 (ait
706 2856 788 2909 enim
812 2852 965 2909 declinare
988 2839 1145 2910 atomum¹

232 2964 296 3018 sine
313 2981 411 3030 causa,
427 2981 486 3031 quo
500 2959 577 3017 nihil
593 2964 710 3031 turpius
719 2960 845 3032 physico
856 2980 945 3031 quam
961 2958 1024 3016 fieri
1037 2958 1143 3030 quid.

495 3123 619 3188 ¹·quidem
632 3125 750 3174 inserted
763 3125 799 3190 by
811 3125 872 3175 cdd.
