2332 3698
444 447 486 504 M.
503 446 632 506 Tuum
647 448 869 508 c1cnrou1s

631 556 689 614 nn
748 559 751 565 ¹

309 660 479 722 numus
493 663 705 724 nouorum
721 664 774 723 ur
789 665 1006 724 unionum

492 772 617 830 umus
639 771 828 845 omarus

174 955 186 1004 l
255 948 278 1006 l.
310 950 385 1008 Cum
399 951 551 1010 audissem
566 952 763 1024 Antiochum,
778 953 884 1024 Brute,
897 960 933 1011 ut
947 942 1104 1023 solebam,l

212 1065 282 1103 cum
297 1046 347 1111 M.
372 1047 480 1106 Pisone
501 1053 534 1106 in
555 1069 592 1107 eo
612 1053 770 1121 gymnasio
791 1050 873 1121 quod
896 1049 1105 1107 Ptolemaeum

213 1151 348 1214 vocatur,
362 1164 483 1216 unaque
494 1147 652 1204 nobiscum
666 1146 703 1218 Q.
718 1146 812 1205 frater
825 1154 859 1204 et
872 1145 906 1203 T.
922 1145 1105 1216 Pomponius

215 1238 386 1311 Luciusque
402 1240 518 1312 Cicero,
526 1242 621 1300 frater
634 1251 739 1301 noster
752 1245 933 1313 cognatione
948 1241 1105 1313 patruelis,

213 1355 316 1393 amore
330 1356 503 1409 germanus,
517 1343 729 1397 constituimus
748 1343 830 1396 inter
843 1357 898 1396 nos
915 1345 951 1396 ut
969 1338 1105 1394 ambula-

213 1435 329 1488 tionem
350 1432 618 1502 postmeridianam
639 1434 856 1492 conficeremus
877 1438 910 1490 in
929 1433 1105 1504 Academia,

213 1530 344 1584 maxime
369 1527 451 1598 quod
473 1532 499 1587 is
522 1529 606 1587 locus
627 1530 667 1587 ab
686 1533 769 1587 omni
793 1530 883 1587 turba
906 1528 938 1586 id
958 1533 1105 1601 temporis

213 1642 325 1680 vacuus
340 1632 428 1681 esset.
471 1623 580 1697 Itaque
594 1625 634 1683 ad
647 1633 769 1698 tempus
779 1625 819 1682 ad
835 1625 975 1683 Pisonem
989 1645 1102 1683 omnes.

216 1717 293 1777 lnde
308 1724 390 1777 vario
404 1740 547 1780 sermone¹
559 1741 612 1780 sex
626 1721 678 1778 illa
691 1741 710 1778 a
725 1721 838 1793 Dipylo
858 1722 955 1780 stadia
972 1721 1105 1779 confeci·

214 1835 289 1874 mus.
322 1816 397 1874 Cum
411 1825 516 1876 autem
530 1822 716 1876 venissemus
729 1822 762 1874 in
774 1817 957 1875 Academiae
968 1837 1030 1874 non
1039 1821 1105 1875 sine

215 1931 304 1971 causa
323 1914 484 1972 nobilitata
498 1918 605 1985 spatia,
620 1913 751 1972 solitudo
766 1922 832 1972 erat
847 1933 883 1972 ea
897 1933 987 1985 quam
1001 1913 1105 1971 volue-

175 2014 193 2065 2
215 2028 323 2067 ramus.
367 2009 446 2067 Tum
469 2010 552 2068 Piso:
574 1996 757 2068 “Naturane
778 2010 865 2068 nobis
886 2009 974 2079 hoc,''
994 2013 1105 2080 inquit,

217 2090 348 2163 “datum
369 2104 469 2163 dicam
490 2127 529 2164 an
552 2125 652 2164 errore
674 2105 815 2178 quodam,
830 2113 876 2177 ut,
891 2125 960 2163 cum
982 2125 1019 2163 ea
1039 2105 1107 2163 loca

216 2200 372 2258 videamus
392 2203 547 2273 inquibus
566 2205 712 2261 memoria
726 2202 835 2273 dignos
855 2205 934 2259 viros
953 2205 1106 2273 acceperi-

215 2316 283 2354 mus
296 2296 428 2354 multum
442 2317 508 2356 esse
522 2306 667 2370 versatos,
676 2302 773 2370 magis
787 2317 962 2356 moveamur
976 2317 1066 2369 quam
1081 2301 1106 2356 si

216 2391 338 2464 quando
352 2413 457 2451 eorum
470 2396 604 2466 ipsorum
618 2401 672 2452 aut
685 2394 766 2453 facta
785 2394 941 2452 audiamus
961 2401 1015 2452 aut
1034 2397 1106 2452 scri-

216 2496 304 2561 ptum
322 2488 445 2560 aliquod
469 2490 624 2562 legamus?
665 2490 760 2549 'Velut
786 2510 844 2563 ego
868 2509 950 2548 nunc
973 2509 1104 2547 moveor.

218 2585 311 2644 Venit
325 2589 407 2643 enim
421 2587 497 2644 mihi
515 2587 650 2645 Platonis
665 2591 697 2645 in
717 2594 865 2657 mentem,
880 2606 971 2657 quem
987 2589 1106 2658 accepi-

216 2701 284 2739 mus
300 2686 432 2753 primum
450 2683 499 2741 hic
517 2683 672 2755 disputare
689 2683 828 2752 solitum3
850 2686 934 2740 cuius
953 2686 1046 2740 etiam
1061 2681 1106 2739 illi

216 2782 378 2850 propinqui
392 2778 505 2837 hortuli
519 2800 581 2837 non
595 2785 771 2839 memoriam
782 2780 879 2838 solum
890 2778 965 2836 mihi
976 2777 1107 2836 afferunt

216 2873 271 2932 sed
289 2879 389 2946 ipsum
408 2874 551 2934 videntur
569 2879 601 2932 in
616 2883 781 2948 conspectu
800 2895 870 2933 meo
888 2894 1010 2947 ponere.
1044 2874 1106 2931 Hic

217 2969 414 3044 Speusippus,
424 2971 474 3030 hic
485 2972 683 3043 Xenocrates,
691 2972 741 3030 hic
753 2976 817 3030 eius
831 2970 952 3028 auditor
967 2970 1091 3028 Polemo
1098 2987 1106 3038 ;

442 3107 573 3158 ²solebam
586 3108 676 3166 Μάνης
693 3107 792 3157 solebat
802 3106 881 3158 MSS.

300 3191 360 3252 390
