2332 3698
465 225 615 291 CICERO
637 230 695 289 DE
718 230 886 290 FINIBUS

228 353 367 412 omnibus
382 357 418 410 iis
432 373 506 424 quas
520 361 629 411 natura
639 352 704 423 alit,
715 359 818 422 auget,
830 359 952 422 tuetur3
967 356 999 410 in
1011 354 1121 423 quibus

228 450 366 506 videmus
388 469 424 507 ea
445 469 523 520 quae
544 445 715 520 gignuntur
736 469 753 507 e
775 457 857 506 terra
873 448 971 506 multa
988 449 1121 519 quodam

228 545 319 602 modo
335 546 452 602 efficere
467 550 531 616 ipsa
543 546 600 603 sibi
614 565 669 616 per
684 565 716 602 se
732 565 809 615 quae
824 544 863 601 ad
877 544 1042 603 vivendum
1057 565 1120 601 cre-

229 639 437 711 scendumque
456 640 589 710 valeant,
604 650 639 698 ut
654 631 725 698 suo1
745 660 860 711 genere
880 644 1063 711 perveniant
1082 640 1121 697 ad

229 742 399 794 extremum
411 756 418 806 3
440 743 475 794 ut
489 741 550 794 iani
564 737 656 794 liceat
667 757 728 794 una
739 735 1009 807 comprehensione
1021 741 1122 793 omnia

229 833 391 904 complecti
401 853 463 890 non
474 833 728 903 dubitantemque
740 832 841 890 dicere
851 851 973 889 omnem
981 840 1121 889 naturam

228 948 295 986 esse
315 934 510 987 servatricem
527 933 573 987 sui
593 929 685 1007 idque
700 928 813 985 habere
831 931 1019 999 propositum
1037 931 1122 998 quasi

166 1016 174 1034 '
230 1024 322 1082 finem
337 1033 370 1082 et
385 1033 567 1095 extremum,
582 1045 615 1082 se
630 1031 665 1082 ut
681 1024 833 1082 custodiat
853 1043 944 1094 quam
958 1027 991 1079 in
1006 1028 1121 1095 optimo

229 1125 275 1177 sui
289 1125 410 1189 generis
426 1128 523 1189 statu;
537 1128 574 1178 ut
588 1139 712 1177 necesse
728 1123 767 1177 sit
781 1124 917 1176 omniurn
931 1138 1122 1189 rerumquae

228 1223 337 1273 natura
350 1221 475 1287 vigeant
489 1216 619 1273 similem
634 1235 700 1273 esse
716 1215 818 1285 finem,
832 1234 895 1272 non
910 1215 1051 1272 eundem.
1076 1215 1122 1272 Ex

229 1330 289 1382 quo
303 1311 444 1382 intellegi
459 1312 553 1369 debet
567 1310 683 1368 homini
697 1310 729 1368 id
744 1330 810 1368 esse
821 1314 853 1366 in
868 1310 955 1367 bonis
970 1309 1123 1381 ultimum,

229 1407 397 1464 secundum
417 1414 556 1463 naturam
578 1411 688 1476 vivere,
709 1406 791 1477 quod
811 1410 854 1462 ita
873 1410 1123 1477 interpretemur,

229 1507 330 1559 vivere
349 1522 386 1559 ex
406 1502 538 1559 hominis
557 1509 666 1558 natura
686 1503 822 1572 undique
843 1501 980 1574 perfecta
997 1510 1030 1560 et
1044 1503 1123 1560 nihil

168 1603 206 1660 27
229 1602 414 1668 requirente.
448 1597 536 1653 Haec
551 1600 645 1666 igitur
659 1598 746 1654 nobis
762 1597 942 1669 explicanda
955 1606 1046 1667 sunt;
1068 1600 1123 1657 sed

229 1698 253 1752 si
286 1694 456 1763 enodatius,
482 1711 533 1750 vos
571 1697 745 1764 ignoscetis.
792 1695 894 1751 Huius
920 1698 1003 1751 enim
1027 1699 1124 1752 aetati

229 1780 329 1848 nunc²
344 1790 419 1847 haec
440 1793 571 1859 primum
591 1787 719 1847 fortasse
734 1788 887 1846 audientis
902 1794 1014 1846 servire
1029 1790 1123 1847 debe-

229 1886 326 1944 mus.''
370 1872 448 1942 “Ita
471 1884 622 1955 prorsus‚’'
647 1889 790 1955 inquam;
820 1872 908 1942 “etsi
934 1905 969 1942 ea
998 1886 1123 1956 quidem

230 2002 306 2052 quae
329 1982 429 2039 adhuc
450 1981 555 2038 dixisti
577 1985 712 2051 quamvis
736 1982 774 2038 ad
798 1988 933 2038 aetatem
956 1989 1040 2039 recte
1063 1987 1123 2040 isto

229 2076 319 2135 modo
335 2076 538 2134 dicerentur.''
617 2141 620 2146 Δ

270 2173 307 2230 X.
329 2159 501 2244 “Exposita
511 2173 634 2243 igitur,”
648 2176 758 2243 inquit,
769 2157 1010 2232 “terminatione
1021 2194 1123 2232 rerum

229 2263 481 2333 expetendam,
505 2280 559 2318 cur
584 2265 642 2318 ista
667 2281 699 2318 se
722 2281 770 2318 res
794 2265 837 2319 ita
860 2262 973 2318 habeat
998 2271 1034 2320 ut
1057 2264 1121 2320 dixi

229 2350 374 2420 deinceps
394 2349 667 2407 demonstrandum
693 2357 747 2407 est.
793 2348 999 2421 Quamobrem
1022 2352 1121 2409 ordia-

229 2460 297 2497 mur
317 2440 356 2495 ab
378 2458 414 2496 eo
436 2439 517 2509 quod
539 2441 671 2509 primum
693 2443 790 2510 posui,
805 2439 887 2509 quod
908 2439 991 2497 idem
1012 2460 1120 2512 reapse

228 2533 360 2600 primum
374 2535 432 2598 est,
447 2535 483 2585 ut
497 2526 713 2595 intellegamus
728 2547 818 2585 omne
836 2528 947 2585 animal
967 2549 999 2586 se
1019 2533 1120 2601 ipsum

229 2618 364 2688 diligere.
410 2616 502 2689 Quod
516 2636 698 2687 quamquam
712 2617 935 2674 dubitationem
949 2637 1010 2675 non
1025 2617 1121 2678 habet

228 2695 290 2774 (est
305 2711 387 2763 enim
398 2707 524 2763 infixum
535 2709 566 2762 in
578 2709 642 2776 ipsa
653 2713 762 2763 natura
772 2700 1120 2779 comprehenditurque³

228 2800 289 2852 suis
309 2799 453 2866 cuiusque
474 2795 621 2864 sensibus,
636 2798 678 2851 sic
697 2803 734 2852 ut
756 2802 861 2852 contra
882 2800 906 2853 si
929 2800 995 2867 quis
1016 2796 1119 2856 dicere

264 2908 313 2957 ¹ut
321 2924 368 2956 suo
381 2908 471 2965 Mdv.;
489 2912 516 2956 et
524 2924 572 2956 suo
585 2906 662 2955 MSS.
677 2925 683 2965 ;
703 2908 799 2956 Miiller
811 2907 885 3022 congi
895 2912 928 2956 ut
938 2909 968 2956 in
978 2925 1032 2958 suo.

263 2973 362 3024 ¹aetati
376 2991 466 3022 nunc.
482 3010 488 3021 .
503 2973 641 3021 audientis
654 2971 734 3037 (conj.
751 2973 838 3036 Mdv.)
888 2975 954 3022 iiller
963 2992 970 3032 ;
989 2976 1077 3024 aetati
1093 2983 1121 3026 et

155 3083 157 3087 .
230 3040 295 3088 huic
305 3057 395 3089 nunc.
410 3074 416 3088 .
431 3039 557 3088 audienti
568 3039 656 3098 MSS,
667 3039 739 3087 Mdv.

263 3105 559 3169 ²¹comprehenditurque
570 3105 645 3162 edd.;
662 3104 893 3168 comprehenditur
902 3103 981 3154 MSS.

312 3195 371 3246 420
