2332 3698
451 227 601 285 CICERO
624 227 681 285 DE
704 227 872 286 FINIBUS

216 357 319 407 nostra
333 357 442 421 sponte
457 368 638 407 moveamur.
669 349 773 420 Atque
788 356 852 405 uta
863 368 990 420 corpore
1003 348 1113 418 ordiar,

217 450 341 508 videsne
361 457 397 506 ut
418 453 442 508 si
458 470 534 520 quae
555 446 587 506 in
606 450 750 507 membris
770 470 861 521 prava
880 457 934 506 aut
949 449 1112 507 debilitata

216 559 270 608 aut
284 555 444 608 imminuta
459 555 521 609 sint
535 551 692 609 occultent
706 551 866 609 homines?
882 559 918 609 ut
933 555 1029 608 etiam
1041 571 1110 608 con-

207 652 349 718 tendant
363 660 396 709 et
416 653 585 722 elaborent,
601 657 625 710 si
644 654 761 710 efficere
782 657 908 724 possint,
924 660 959 709 ut
979 660 1035 710 aut
1050 672 1110 709 non

217 761 362 825 appareat
385 758 516 824 corporis
545 758 652 810 vitium
676 761 730 811 aut
755 755 845 824 quani
870 756 1033 810 minimum
1058 773 1110 824 ap-

217 862 332 926 pareat,
357 855 531 926 multosque
560 859 653 911 etiam
676 854 795 912 dolores
826 859 990 912 curationis
1022 875 1110 912 causa

217 955 374 1027 perferant
387 964 431 1026 ut,
444 961 468 1014 si
483 961 547 1028 ipse
562 976 632 1013 usus
647 957 851 1014 membrorum
865 976 927 1012 nou
941 956 1035 1013 modo
1049 975 1111 1012 non

217 1062 312 1114 maior
326 1078 431 1114 verum
446 1062 539 1115 etiam
556 1062 654 1114 minor
671 1057 794 1114 futurus
814 1061 863 1127 sit,
879 1076 984 1114 eorum
1004 1065 1111 1114 tamen

217 1164 333 1231 species
348 1160 387 1217 ad
401 1167 540 1216 naturam
554 1159 746 1216 revertatur?
784 1159 907 1216 Etenim
922 1178 993 1215 cum
1004 1178 1111 1216 omnes

217 1269 326 1318 natura
340 1269 421 1319 totos
437 1281 469 1318 se
490 1261 679 1332 expetendos
699 1268 821 1332 putent,
836 1280 893 1317 nec
913 1260 945 1317 id
966 1260 1006 1316 ob
1020 1260 1110 1317 aliam

217 1382 282 1419 rem
296 1362 351 1419 sed
365 1370 491 1434 propter
505 1367 595 1434 ipsos,
610 1382 735 1419 necesse
751 1369 799 1419 est
814 1366 878 1419 eius
897 1365 991 1418 etiam
1007 1369 1110 1432 partes

217 1471 342 1535 propter
361 1483 393 1520 se
414 1468 518 1534 expeti
536 1463 617 1533 quod
637 1467 811 1521 universum
828 1470 953 1534 propter
967 1482 1000 1520 se
1016 1482 1110 1533 expe-

157 1564 195 1620 47
218 1566 308 1616 tatur.
340 1557 441 1628 Quid?
453 1562 485 1614 in
496 1567 582 1616 motu
598 1563 678 1615 etin
693 1566 775 1616 statu
790 1563 921 1629 corporis
936 1558 1013 1615 nihil
1029 1563 1112 1616 inest

218 1653 299 1724 quod
323 1652 629 1710 animadvertendum
658 1673 724 1710 esse
749 1658 813 1724 ipsa
836 1662 944 1711 natura
971 1653 1111 1711 iudicet?

219 1749 475 1821 quemadmodum
489 1754 556 1820 quis
564 1749 711 1820 ambulet,
724 1750 839 1820 sedeat,
852 1754 904 1819 qui
915 1749 1026 1806 ductus
1041 1754 1111 1820 oris,

218 1850 270 1916 qui
291 1845 393 1902 vultus
414 1850 447 1902 in
467 1865 587 1916 quoque
608 1847 669 1902 sit?
691 1845 808 1902 nihilne
830 1852 877 1902 est
898 1849 930 1900 in
951 1845 998 1902 his
1019 1846 1112 1903 rebus

219 1941 300 2011 quod
325 1940 453 2010 dignum
475 1941 572 1998 libero
596 1949 650 1998 aut
671 1941 831 2011 indignum
854 1960 919 1998 esse
941 1939 1111 1998 ducamus?

111 2062 114 2066 ’
219 2038 330 2094 Nonne
356 2035 425 2092 odio
450 2036 562 2093 multos
591 2037 699 2107 dignos
728 2043 869 2108 putamus
898 2040 950 2107 qui
978 2036 1111 2108 quodam

218 2140 303 2189 motu
325 2140 379 2189 aut
400 2139 482 2189 statu
502 2132 645 2189 videntur
664 2140 790 2189 naturae
810 2132 912 2202 legem
933 2138 965 2189 et
984 2131 1111 2190 modum

220 2229 461 2297 contempsisse?
505 2227 546 2285 Et
573 2233 715 2299 quoniam
744 2227 819 2285 haec
848 2227 1043 2285 deducuntur
1071 2227 1111 2285 de

219 2342 353 2393 corpore,
376 2323 449 2393 quid
471 2331 519 2381 est
540 2344 593 2381 cur
614 2344 675 2380 non
697 2332 781 2382 recte
803 2323 997 2395 pulchritudo
1017 2327 1112 2381 etiam

149 2422 160 2445 ⁸
218 2423 283 2490 ipsa
296 2425 421 2489 propter
435 2438 468 2475 se
480 2419 653 2490 expetenda
664 2419 813 2477 ducatur?
850 2420 928 2476 Nam
941 2423 966 2477 si
980 2423 1112 2490 pravita-

218 2523 283 2573 tem
294 2519 599 2585 imminutionemque
612 2520 742 2586 corporis
754 2523 878 2587 propter
889 2535 921 2574 se
932 2515 1111 2585 fugiendam

219 2620 371 2683 putamus,
387 2631 440 2667 cur
459 2631 521 2668 non
541 2616 644 2682 etiam,
663 2632 698 2669 ac
718 2611 845 2670 fortasse
864 2617 971 2683 magis,
985 2619 1112 2684 propter

219 2726 251 2765 se
266 2707 380 2763 formae
395 2707 579 2777 dignitatem
589 2710 771 2778 sequamur?
801 2709 876 2767 Etsi
888 2709 1112 2780 turpitudinem

219 2803 352 2873 fugimus
367 2807 399 2860 iu
415 2811 497 2863 statu
513 2812 546 2862 et
561 2812 647 2864 motu
662 2810 803 2876 corporis,
818 2805 891 2876 quid
906 2812 954 2863 est
973 2825 1026 2862 cur
1043 2805 1111 2876 pul-

219 2898 424 2958 chritudinem
453 2919 515 2956 non
546 2901 727 2971 sequamur?
774 2901 877 2971 Atque
907 2905 1000 2958 etiam
1031 2902 1112 2959 vale-

219 2995 370 3066 tudinem,
403 2999 491 3064 vires‚
526 3000 710 3054 vacuitatem
744 2996 854 3055 doloris
887 3016 949 3053 non
986 3005 1112 3069 propter

219 3090 386 3148 utilitatem
415 3090 512 3147 solum
541 3091 596 3151 sed
625 3096 717 3156 etiam
740 3096 818 3176 ipsas
846 3098 972 3176 propter
996 3111 1029 3162 se
1059 3113 1111 3163 erp

303 3171 363 3246 446,
