2332 3698
457 218 608 278 CICERO
632 217 689 275 DE
711 215 880 274 FINIBUS

222 346 255 397 et
270 359 340 403 eum
355 345 406 412 qui

388 448 479 506 Nunc
494 447 618 506 demum
633 447 708 505 mihi
723 450 840 504 animus
854 443 953 514 ardet,

222 574 350 625 quorum
369 555 448 612 alter
467 555 585 614 laetitia
603 559 726 627 gestiat,
741 555 819 613 alter
832 552 936 611 dolore
952 553 1113 618 crucietur,

222 657 289 695 esse
303 637 389 695 illum
403 639 553 697 medium:

222 719 496 792 Quamquamhaec
505 727 586 781 inter
595 742 649 781 nos
658 742 756 794 nuper
765 718 1046 779 notitiaadmodum
1056 722 1113 787 est,

222 808 274 875 qui
288 824 346 862 nec
361 806 495 865 laetetur
505 827 563 865 nee
572 814 717 878 angatur3
731 811 868 876 itemque
883 808 964 861 inter
976 820 1046 859 eum
1061 803 1113 871 qui

222 892 357 959 potiatur
377 895 508 962 corporis
532 895 676 962 expetitis
690 889 897 960 voluptatibus
917 893 950 944 et
973 905 1043 943 eum
1061 886 1114 955 qui

223 977 414 1031 excrucietur
429 978 552 1032 summis
572 973 725 1031 doloribus
740 993 805 1031 esse
821 967 891 1030 eum
911 973 962 1042 qui
983 976 1113 1040 utroque

222 1063 330 1114 careat.

164 1143 199 1194 15
265 1139 299 1196 V.
324 1126 470 1199 “Satisne
482 1145 575 1219 igitur
587 1141 691 1199 videor
703 1144 763 1197 vim
774 1141 934 1197 verborum
945 1145 1062 1206 tenere,
1074 1157 1114 1194 an

223 1242 289 1279 sum
304 1228 397 1281 etiam
412 1245 493 1282 nuuc
509 1225 556 1282 vel
574 1226 690 1283 Graece
705 1224 788 1294 loqui
803 1222 851 1280 vel
871 1221 981 1278 Latine
1002 1219 1114 1278 docen-

223 1305 298 1363 dus?
341 1307 382 1364 Et
396 1315 501 1366 tamen
515 1308 585 1366 vide
600 1328 650 1380 ne,
662 1312 687 1366 si
702 1327 760 1378 ego
774 1327 836 1364 non
850 1304 1029 1375 intellegam
1041 1303 1115 1375 quid

224 1388 371 1460 Epicurus
386 1390 537 1462 loquatur,
552 1413 621 1448 cum
637 1391 754 1450 Graece
769 1399 804 1449 ut
818 1390 922 1447 videor
941 1386 1115 1445 luculenter

223 1476 325 1544 sciam,
340 1478 380 1531 sit
394 1474 494 1546 aliqua
508 1474 597 1546 culpa
618 1479 682 1533 eius
702 1478 754 1545 qui
773 1478 816 1532 ita
836 1473 978 1544 loquatur
997 1477 1032 1528 ut
1052 1490 1115 1528 non

222 1554 428 1627 intellegatur.
474 1557 565 1628 Quod
581 1558 698 1616 duobus
715 1557 812 1615 modis
833 1560 898 1614 sine
917 1558 1114 1650 reprensione

223 1638 267 1709 fit,
283 1643 307 1696 si
321 1648 375 1697 aut
389 1640 427 1698 de
443 1641 591 1698 industria
606 1641 706 1712 facias,
725 1649 759 1699 ut
778 1624 992 1709 HeraclituS,‘
1002 1657 1115 1708 cogno·

223 1730 328 1781 mento
355 1728 406 1795 qui
433 1724 580 1787 σκοτεινάς
607 1725 804 1798 perhibetur,’
834 1728 904 1794 quia
931 1710 1115 1780 denatura

222 1810 312 1864 nimis
326 1808 453 1866 obscure
466 1810 663 1880 memoravit]
679 1817 732 1866 aut
744 1827 924 1866 cumrerum
938 1807 1115 1877 obscuritas,

223 1909 284 1946 non
299 1892 468 1962 verborum,
481 1891 554 1949 facit
569 1900 603 1950 ut
617 1914 679 1950 non
691 1892 889 1963 intellegatur
900 1893 1004 1958 oratio,
1017 1887 1115 1960 qualis

224 1981 271 2031 est
285 1978 318 2029 in
332 1973 456 2031 Timaeo
473 1975 614 2033 Platonis.
660 1976 808 2048 Epicurus
822 1982 936 2044 autem,
947 1980 982 2030 ut
997 1976 1114 2044 opinor,

223 2076 358 2113 necnon
374 2057 439 2122 vult
454 2062 478 2115 si
498 2064 593 2130 possit
612 2059 702 2131 plane
721 2067 754 2117 et
771 2065 877 2130 aperte
892 2057 985 2128 loqui,
1000 2075 1058 2113 nec
1073 2055 1113 2113 de

223 2160 255 2197 re
271 2141 406 2211 obscura,
418 2149 453 2199 ut
466 2142 593 2214 physici,
605 2152 658 2201 aut
669 2144 836 2212 artificiosa,
848 2149 884 2198 ut
894 2139 1115 2211 mathematici,

223 2224 276 2281 sed
297 2223 336 2281 de
356 2224 466 2282 illustri
487 2235 519 2283 et
539 2226 620 2283 facili
641 2234 674 2284 et
694 2231 753 2283 iam
773 2230 805 2282 in
823 2225 930 2295 vulgus
950 2231 1115 2294 pervagata

221 2307 363 2377 loquitur.
409 2308 601 2380 Quamquam
624 2330 686 2367 non
709 2313 828 2380 negatis
852 2328 906 2364 nos
930 2305 1114 2377 intellegere

223 2391 296 2461 quid
311 2395 350 2448 sit
364 2391 512 2464 voluptas,
527 2393 580 2464 sed
596 2394 669 2464 quid
688 2392 740 2451 ille
755 2393 851 2460 dicat;
874 2411 891 2448 e
912 2411 971 2461 quo
986 2390 1115 2448 efficitur

255 2517 268 2543 ¹²
277 2510 333 2558 The
346 2510 405 2560 first
416 2513 558 2574 quotation
571 2513 593 2560 is
608 2512 678 2560 from
695 2528 730 2560 an
747 2512 882 2560 unknown
900 2511 985 2559 comic
1002 2511 1111 2571 writer;

223 2579 269 2625 the
286 2577 387 2624 second
405 2577 473 2625 from
492 2577 627 2626 Caecilius
645 2578 758 2635 Statius,
778 2579 839 2625 who
857 2577 952 2625 makes
970 2592 987 2624 a
1007 2578 1112 2642 ‘heavy

223 2643 326 2690 father’
339 2659 389 2706 say
404 2642 500 2691 ‘Nunc
517 2643 587 2691 enirn
606 2643 713 2690 demum
731 2643 794 2690 mihi
813 2643 919 2690 animus
936 2642 1025 2701 ardet,
1039 2659 1110 2693 nunc

224 2725 310 2756 meum
324 2724 371 2756 cor
382 2709 533 2756 cumulatur
544 2709 598 2756 ira'
612 2707 722 2771 (quoted
733 2709 759 2756 in
770 2708 817 2755 full
826 2707 862 2771 by
872 2707 968 2756 Cicero
977 2714 1026 2770 pro
1038 2708 1109 2760 Cael.

223 2773 265 2836 37)
274 2792 281 2830 ;
300 2775 345 2822 the
363 2774 435 2822 third
447 2774 470 2821 is
482 2774 550 2822 from
570 2774 699 2831 Terence,
714 2774 914 2831 Heautontim„
927 2774 942 2820 l.
960 2789 980 2830 r,
995 2773 1028 2822 cl.
1045 2774 1111 2838 153

222 2840 328 2887 above:
343 2839 483 2888 Chremes'
496 2840 559 2887 mild
577 2839 690 2888 interest
708 2840 733 2887 in
752 2840 793 2888 his
812 2855 871 2887 new
889 2838 1050 2901 neighbour,
1064 2842 1111 2890 the

223 2904 461 2961 Seli-Tormentor,
475 2904 498 2952 is
511 2906 603 2953 rather
615 2905 697 2968 oddly
710 2904 851 2953 instanced
861 2920 936 2952 asan
947 2904 1111 2957 illustration

223 2970 253 3018 of
259 2971 304 3018 the
316 2971 421 3017 neutral
430 2971 502 3019 state
512 2971 665 3019 olemotiou
676 2971 864 3019 intermediate
875 2969 997 3017 between
1007 2975 1110 3022 mental

222 3038 346 3098 pleasure
359 3035 414 3082 and
427 3035 499 3098 pain.

253 3099 333 3148 bThe
345 3100 486 3163 quotation
499 3101 522 3149 is
534 3101 656 3166 possibly
670 3101 739 3150 from
752 3101 876 3150 Lucilius.

302 3183 341 3242 94
