2332 3698
399 338 401 342 y
455 263 605 322 CICERO
628 263 685 321 DE
707 261 876 323 FINIBUS

221 396 254 445 et
268 389 475 457 cognitionem
491 393 523 442 et
538 405 625 443 usum
643 389 703 442 iam
723 386 906 443 corroborati
926 393 1038 443 natura
1052 389 1118 458 ipsa

221 489 388 555 praeeunte
404 481 592 538 deducimur.
643 482 789 540 Omnium
808 485 890 540 enirn
910 502 1013 540 rerum
1033 487 1117 554 prin-

221 583 299 650 cipia
313 598 405 650 parva
419 585 501 648 sunt,
513 577 568 636 sed
583 582 643 636 suis
657 579 917 649 progressionibus
932 599 987 636 usa
1001 598 1117 650 augen-

220 683 289 742 tur3
322 694 380 731 nec
406 677 471 731 sine
501 693 609 742 causa3
641 677 673 731 in
701 679 799 746 primo
829 679 911 732 enim
936 682 1007 732 ortu
1035 679 1118 732 inest

220 775 368 829 teneritas
391 790 426 827 ac
451 769 581 827 mollitia
606 769 767 840 quaedam,
792 779 828 828 ut
853 790 910 828 nec
939 790 988 828 res
1011 771 1117 828 videre

221 872 350 939 optimas
365 886 423 924 nec
437 885 529 937 agere
544 870 668 937 possint.
703 867 833 924 Virtutis
848 872 930 925 enim
944 869 1117 938 beataeque

221 969 312 1034 vitae,
322 982 399 1034 quae
409 962 469 1020 duo
481 966 611 1020 maxime
624 963 799 1033 expetenda
810 972 891 1034 sunt,
903 967 998 1021 serius
1010 964 1117 1021 lumen

221 1068 358 1132 apparet,
381 1059 479 1116 multo
505 1061 598 1116 etiam
625 1062 729 1129 seriuS,
755 1067 791 1116 ut
815 1060 905 1131 plane
931 1060 1033 1130 qualia
1055 1064 1117 1117 sint

221 1156 448 1231 intellegantur.
496 1153 651 1210 Praeclare
671 1158 753 1211 enirn
775 1154 875 1212 Plato:
898 1141 1047 1214 ‘Beatum
1068 1160 1117 1213 cui

222 1257 316 1311 etiam
330 1256 362 1307 in
377 1257 536 1308 senectute
552 1253 717 1320 contigerit
733 1259 766 1308 ut
777 1255 957 1323 sapientiam
968 1272 1116 1323 verasque

221 1352 378 1421 opiniones
390 1350 509 1417 assequi
523 1346 648 1418 possit!'
694 1344 795 1416 Quare
805 1351 947 1417 quoniam
959 1347 998 1404 de
1011 1352 1117 1419 primis

222 1453 348 1502 naturae
358 1442 523 1499 commodis
532 1447 603 1499 satis
615 1441 800 1513 dictumest,
812 1463 894 1500 nunc
903 1442 942 1500 de
951 1446 1117 1502 maioribus

160 1548 198 1608 59
220 1539 537 1609 consequentibusque
552 1537 716 1595 videamus
761 1537 877 1596 Natura
896 1543 991 1610 igitur
1006 1560 1117 1612 corpus

221 1636 345 1708 quidem
360 1635 490 1692 hominis
505 1638 547 1691 sic
567 1641 600 1690 et
619 1638 729 1704 genuit
749 1643 782 1692 et
801 1635 943 1692 formavit
957 1643 993 1693 ut
1008 1636 1069 1693 alia
1083 1641 1116 1694 in

221 1737 317 1805 primo
332 1739 400 1788 ortu
415 1729 584 1801 perficeret,
598 1729 656 1786 alia
670 1730 886 1802 progrediente
902 1739 1003 1789 aetate
1019 1731 1116 1804 finge-

221 1837 279 1901 ret,
308 1848 409 1899 neque
439 1846 511 1884 sane
540 1826 672 1884 multum
701 1827 886 1885 adiumentis
914 1832 1049 1886 externis
1083 1838 1117 1888 et

221 1927 401 1984 adventiciis
415 1930 555 1980 uteretur
566 1942 573 1990 ;
595 1927 730 1979 animum
751 1930 856 1981 autem
877 1924 1001 1994 reliquis
1023 1926 1116 1984 rebus

221 2027 265 2081 ita
279 2021 409 2093 perfecit
423 2027 459 2076 ut
474 2039 600 2091 corpus;
620 2020 757 2076 sensibus
773 2023 856 2076 enirn
871 2026 990 2078 ornavit
1010 2021 1050 2079 ad
1066 2043 1115 2082 res
1141 2082 1145 2087 ,

221 2109 431 2183 percipiendas
445 2109 563 2166 idoneis
578 2116 613 2165 ut
626 2108 703 2164 nihil
722 2116 776 2165 aut
794 2128 857 2165 non
875 2109 1007 2167 multum
1027 2111 1114 2169 adiu·

220 2208 325 2258 mento
334 2199 396 2256 ullo
405 2198 444 2255 ad
453 2218 538 2254 suam
547 2198 805 2255 confirmationem
813 2189 1116 2272 indigerent¹3quod

220 2297 324 2346 autem
343 2292 376 2344 in
396 2287 519 2345 homine
541 2290 835 2358 praestantissimum
853 2296 946 2359 atque
961 2294 1115 2360 optimum

221 2386 277 2449 est,
301 2377 334 2434 id
358 2377 501 2434 deseruit.
547 2377 614 2434 Etsi
637 2377 724 2434 dedit
745 2377 839 2434 talem
867 2386 1006 2436 mentem
1034 2400 1114 2451 quae

220 2486 342 2525 omnem
362 2470 509 2523 virtutem
529 2470 667 2537 accipere
689 2473 801 2536 posset,
821 2470 1024 2538 ingenuitque
1046 2474 1114 2528 sine

220 2558 359 2615 doctrina
373 2559 498 2612 notitias
513 2575 619 2626 parvas
638 2574 739 2612 rerum
756 2559 955 2613 maximarum
975 2565 1009 2614 et
1027 2564 1115 2630 quasi

220 2650 356 2703 instituit
385 2644 505 2715 docere,
536 2652 570 2702 et
598 2644 719 2701 induxit
752 2649 784 2700 in
814 2664 850 2702 ea
878 2664 955 2715 quae
990 2650 1115 2706 inerant

220 2743 375 2804 tamquam
404 2733 558 2790 elementa
582 2736 710 2790 virtutis.
753 2732 814 2791 Sed
842 2737 988 2793 virtutem
1016 2741 1114 2808 ipsam

159 2823 198 2883 60
221 2823 392 2890 inchoavit3
414 2821 492 2878 nihil
506 2821 644 2893 amplius.
678 2821 786 2893 Itaque
801 2831 939 2880 nostrum
954 2832 1002 2882 est
1016 2813 1114 2897 (quod

220 2919 358 2970 nostrum
372 2911 450 2982 dico,
465 2914 539 2967 artis
553 2898 616 2980 est)
630 2910 669 2968 ad
684 2930 720 2967 ea
735 2915 883 2982 principia
901 2932 978 2983 quae
994 2921 1113 2988 accepi·

312 3012 582 3077 1indaegrerentssremi
594 3030 600 3069 3
619 3013 752 3076 indigeret
763 3013 836 3062 Mdv.
852 3015 916 3062 with
931 3015 1008 3066 MSS.

215 3107 350 3114 ..-——.——.

505 3142 612 3201 aPlato,
626 3143 706 3192 Laws
717 3143 792 3206 653A.

304 3219 364 3280 460
