2332 3698
446 184 596 243 CICERO
619 184 677 241 DE
699 183 868 242 FlNlBUS

209 311 365 380 tipatrum,
381 305 606 376 Mnesarchum,
624 305 811 375 Panaetium,
832 304 944 362 multos
963 304 1048 374 alios,
1067 308 1100 361 in

210 395 375 462 primisque
394 389 573 447 familiarem
592 396 730 446 nostrum
752 388 952 446 Posidonium.
997 387 1100 459 Quid?

211 473 438 544 Theophrastus
465 473 699 530 mediocriterne
727 472 863 530 delectat
891 492 960 529 cum
988 478 1101 529 tractat

211 557 292 614 locos
297 557 336 613 ab
342 555 587 613 Aristoteleante
592 557 757 613 tractatos?
766 555 868 627 Quid?
879 555 1020 626 Epicurei
1026 575 1100 612 num

211 641 364 698 desistunt
374 640 414 697 de
425 639 543 710 iisdem,
552 640 592 697 de
604 640 712 709 quibus
724 647 757 697 et
765 640 803 696 ab
813 640 943 710 Epicuro
954 643 1100 710 scriptum

212 731 259 782 est
268 731 301 781 et
309 724 347 780 ab
356 727 497 794 antiquis,
510 723 549 780 ad
557 724 716 780 arbitrium
724 743 813 780 suum
822 723 971 780 scribere?
983 721 1099 793 Quodsi

212 808 321 865 Graeci
329 806 643 877 legunturaGraecis,
653 806 761 864 iisdem
769 806 809 864 de
818 807 908 863 rebus
917 805 1100 863 aliaratione

211 895 393 961 compositis,
406 889 479 961 quid
491 897 538 947 est
549 910 602 947 cur
613 894 708 947 nostri
719 911 737 946 a
748 894 858 947 nostris
869 909 931 946 non
940 889 1099 959 legantur?

171 978 188 1037 7
253 973 311 1031 Ill.
356 973 548 1045 Quamquam
569 977 594 1030 si
612 973 702 1044 plane
717 977 759 1030 sic
773 981 925 1030 verterem
941 973 1100 1030 Platonem

210 1065 263 1115 aut
285 1056 483 1115 Aristotelem
504 1064 540 1114 ut
556 1063 716 1114 verterunt
734 1060 830 1113 nostri
846 1064 956 1126 poetae
973 1055 1099 1125 fabulaS,

210 1140 299 1212 male,
323 1140 423 1210 credo,
446 1160 580 1198 mererer
602 1139 642 1197 de
663 1144 739 1197 meis
760 1139 874 1196 civibus
895 1143 920 1196 si
937 1139 976 1196 ad
997 1159 1100 1196 eorum

210 1229 415 1296 cognitionem
429 1223 532 1281 divina
545 1223 597 1281 illa
610 1227 734 1293 ingenia
747 1222 951 1280 transferrem.
992 1222 1054 1280 Sed
1068 1221 1100 1278 id

208 1327 308 1378 neque
328 1308 387 1365 feci
406 1307 506 1365 adhuc
525 1327 583 1365 nec
602 1307 677 1364 mihi
696 1314 800 1364 tamen
821 1326 860 1363 ne
880 1305 988 1362 faciam
1006 1310 1100 1362 inter-

210 1392 327 1449 dictum
346 1397 429 1462 puto.
464 1391 570 1448 ‘Locos
587 1391 710 1461 quidem
728 1389 883 1460 quosdam,
899 1394 923 1446 si
937 1388 1099 1459 videbitur,
1121 1392 1122 1401 ’

210 1474 399 1544 transferam,
415 1480 447 1530 et
468 1479 598 1531 maxime
620 1475 713 1531 abiis
732 1493 806 1544 quos
825 1472 916 1530 modo
937 1476 1099 1542 nominavi,

210 1578 279 1615 cum
297 1557 440 1614 inciderit
459 1565 494 1615 ut
512 1557 544 1614 id
563 1565 634 1628 apte
653 1557 716 1614 fieri
730 1561 839 1628 possit3
861 1564 896 1614 ut
910 1557 948 1613 ab
964 1557 1100 1612 Homero

210 1641 336 1711 Ennius,
357 1640 500 1698 Afranius
520 1662 539 1697 a
560 1640 730 1698 Menandro
752 1641 837 1698 solet.
883 1641 948 1696 Nec
966 1659 1046 1709 vern,
1064 1646 1100 1696 ut

209 1732 313 1782 noster
342 1724 486 1795 Lucilius,
510 1725 654 1782 recusabo
683 1744 743 1795 quo
770 1728 870 1781 minus
899 1742 1004 1780 omnes
1031 1743 1100 1780 mea
1141 1751 1144 1757 ·

209 1808 322 1880 legant.
369 1809 495 1866 Utinam
515 1815 596 1865 esset
614 1807 666 1864 ille
688 1808 820 1866 Persius!
864 1807 964 1877 Scipio
979 1826 1050 1863 vero
1068 1814 1100 1863 et

212 1892 341 1949 Rutilius
362 1891 459 1949 multo
480 1896 573 1948 etiam
594 1895 705 1961 magis3
733 1911 860 1961 quorum
882 1889 934 1947 ille
955 1889 1100 1946 iudicium

209 1974 408 2032 reformidans
437 1974 609 2031 Tarentinis
640 1978 683 2030 ait
715 1993 747 2031 se
779 1981 812 2032 et
843 1974 1035 2030 Consentinis
1067 1980 1100 2030 et

210 2058 317 2115 Siculis
335 2059 474 2114 scribere.
510 2057 621 2114 Facete
643 2061 668 2114 is
690 2057 823 2128 quidem,
842 2061 921 2114 sicut
937 2045 1027 2126 alia¹3
1045 2056 1100 2113 sed

209 2161 310 2212 neque
338 2149 402 2199 tam
430 2140 514 2197 docti
538 2147 605 2197 tum
629 2148 716 2198 erant
740 2140 779 2197 ad
805 2160 933 2211 quorum
954 2139 1100 2197 iudicium

210 2224 388 2294 elaboraret,
404 2231 437 2281 et
451 2231 522 2281 sunt
536 2223 617 2281 illius
631 2229 743 2296 scripta
759 2224 881 2294 leviora,
896 2231 932 2281 ut
945 2225 1100 2281 urbanitas

170 2315 186 2365 8
210 2328 326 2365 summa
350 2314 504 2378 appareat,
530 2307 668 2365 doctrina
693 2307 861 2365 mediocris.
906 2306 972 2378 Ego
996 2314 1101 2364 autem

210 2411 301 2462 quem
317 2395 443 2448 timeam
459 2390 616 2463 lectorem,
632 2412 699 2449 cum
718 2391 757 2448 ad
776 2398 819 2460 te,
834 2409 873 2447 ne
895 2390 1018 2448 Graecis
1035 2394 1101 2461 qui-

469 2493 547 2542 1alia
560 2494 634 2544 Mdv.
648 2513 655 2553 3
667 2494 740 2542 alias
752 2493 830 2542 MSS.

244 2615 388 2674 aLucillus,
400 2616 445 2664 the
457 2616 571 2675 satirist,
585 2617 768 2679 148·10313.c.‚
780 2614 894 2663 avowed
905 2615 964 2663 that
974 2615 1007 2663 he
1016 2620 1101 2663 wrote

212 2681 253 2729 sor
275 2681 320 2729 the
343 2681 512 2746 moderately
535 2681 645 2730 learned
668 2682 721 2729 like
745 2681 862 2735 Laelius.
884 2687 931 2728 not
954 2681 996 2728 for
1018 2687 1100 2743 great

211 2748 334 2796 scholars
347 2747 400 2796 like
414 2748 539 2797 Persius:
554 2747 693 2796 ‘Persium
709 2763 762 2795 non
780 2762 844 2794 curo
862 2747 964 2809 legere,
979 2746 1099 2794 Laelium

214 2813 353 2861 Decimum
371 2813 447 2862 volo'
464 2813 532 2877 (Cic.
552 2813 584 2861 de
602 2813 646 2862 Or.
663 2811 739 2875 225).
777 2812 807 2860 In
825 2812 871 2860 the
889 2817 955 2860 next
972 2817 1100 2859 sentence

212 2879 274 2927 here
298 2877 395 2927 Cicero
417 2895 507 2927 seems
530 2885 558 2926 to
581 2877 652 2927 refer
675 2884 702 2925 to
725 2893 800 2926 some
822 2877 901 2926 other
925 2892 1049 2939 passage
1072 2877 1104 2924 of

212 2944 337 3003 Lucilius,
354 2945 380 2992 in
398 2944 484 2993 which
502 2944 535 2991 he
553 2957 602 3007 put
620 2943 662 2991 his
680 2943 775 2991 claims
793 2943 848 2991 still
866 2944 950 2991 lower
967 2940 1023 2990 and
1040 2957 1102 3004 pro-

211 3009 302 3059 fessed
319 3017 348 3057 to
365 3009 442 3057 write
460 3009 502 3057 for
519 3009 644 3058 illiterato
662 3009 835 3071 provinciam,
855 3015 901 3056 not
920 3008 961 3055 for
978 3007 1101 3055 cultured

210 3076 352 3126 noblemen
360 3075 413 3123 like
420 3075 511 3138 Scipio
517 3073 662 3122 Africanus
672 3074 761 3122 Minor
770 3073 825 3122 and
835 3074 863 3122 P.
876 3073 992 3121 Rutilius
1003 3072 1098 3121 Rufus.

293 3157 310 3210 8
