2332 3698
437 219 586 277 CICERO
609 218 667 276 DE
690 216 858 276 FINIBUS

199 331 273 404 lum,
285 353 362 404 quae
377 338 532 405 perspexit
542 337 574 390 in
586 333 643 390 hoc
658 336 723 403 ipso
737 335 818 388 vitae
833 333 929 401 spatio
940 329 1092 384 amicitiae

139 425 178 494 69
200 429 383 500 praesidium
403 448 469 486 esse
488 429 709 486 firmissimum'
756 427 835 486 Sunt
849 432 953 482 autem
967 421 1091 494 quidam

202 524 343 595 Epicurei
358 524 524 582 timidiores
543 524 633 596 paulo
652 531 757 581 contra
776 529 875 580 vestra
890 523 1023 578 convicia
1038 516 1093 575 sed

201 627 306 677 tamen
320 624 392 677 satis
406 625 497 690 acuti,
512 624 563 692 qui
579 627 723 677 verentur
737 639 787 690 ne,
802 623 826 676 si
846 620 1010 675 amicitiam
1024 634 1092 686 pro-

201 721 271 794 pter
284 723 418 772 nostram
432 715 620 787 voluptatem
636 714 840 786 expetendam
860 721 1012 785 putemuS,
1026 717 1093 768 tota

201 814 334 868 amicitia
356 815 440 882 quasi
464 812 631 869 claudicare
655 811 801 868 videatur.
848 810 956 880 Itaque
979 810 1092 879 primos

201 925 378 976 congressus
393 907 660 979 copulationesque
679 914 712 964 et
731 905 985 964 consuetudinum
1005 906 1092 960 insti-

200 1001 383 1059 tuendamm
397 1002 569 1061 voluntates
586 1003 651 1060 fieri
668 1010 794 1074 propter
807 1001 1005 1071 voluptatem,
1021 1018 1092 1055 cum

200 1105 304 1155 autem
319 1118 389 1156 usus
403 1098 600 1170 progrediens
616 1097 853 1155 familiaritatem
868 1097 1012 1165 effecerit,
1024 1102 1092 1152 tum

199 1213 333 1252 amorem
359 1194 542 1252 efflorescere
566 1201 689 1252 tantum
714 1201 759 1264 ut,
790 1196 908 1250 etiamsi
936 1190 1020 1249 nulla
1050 1195 1091 1249 sit

199 1290 315 1349 utilitas
330 1311 367 1349 ex
382 1295 522 1362 amicitia,
531 1299 636 1348 tamen
650 1295 708 1361 ipsi
722 1294 810 1347 amici
825 1296 949 1360 propter
964 1308 996 1346 sc
1011 1292 1091 1359 ipsos

199 1395 347 1444 amentur.
392 1386 516 1444 Etenim
536 1391 559 1443 si
580 1386 656 1457 loca,
672 1390 698 1464 si
712 1385 791 1457 fana,
807 1390 831 1443 si
846 1386 945 1454 urbeS,
961 1389 986 1442 si
1000 1404 1089 1455 gym-

199 1492 292 1552 nasia,
307 1487 331 1539 si
346 1478 495 1553 campum,
511 1486 535 1539 si
550 1502 650 1552 canes,
666 1486 691 1539 si
706 1502 809 1554 equos,
825 1486 849 1540 si
867 1481 982 1539 ludicra
1003 1501 1089 1538 exer-

199 1578 289 1636 cendi
308 1585 361 1634 aut
382 1577 523 1648 venandi,
546 1578 767 1636 consuetudine
789 1578 928 1635 adamare
948 1576 1089 1648 solemm,

199 1675 313 1738 quanto
338 1666 370 1723 id
394 1671 426 1723 in
452 1666 609 1725 hominum
635 1669 856 1726 consuetudine
882 1665 998 1724 facilius
1024 1666 1090 1724 fieri

138 1762 176 1819 70
194 1744 323 1828 poterit1
343 1764 376 1813 et
397 1758 522 1815 iustius?
566 1757 645 1816 Sunt
664 1765 767 1815 autem
787 1761 839 1828 qui
859 1755 963 1812 dicant
982 1754 1090 1813 foedus

198 1865 264 1904 esse
278 1846 431 1917 quoddam
445 1850 628 1918 sapientium
642 1855 678 1904 ut
692 1867 731 1904 ne
749 1850 848 1903 minus
868 1849 979 1902 amicos
998 1865 1089 1916 quam

198 1955 230 1993 se
248 1939 327 2006 ipsos
342 1935 480 2006 diligant.
525 1935 616 2007 Quod
636 1944 669 1993 et
688 1955 775 2007 posse
795 1935 860 1992 fieri
877 1934 1086 2005 intellegimus

199 2031 231 2082 et
245 2044 334 2094 saepe
350 2013 647 2094 evenire²videmuS‚
658 2032 691 2081 et
699 2029 892 2096 perspicuum
903 2031 950 2082 est
961 2023 1038 2080 nihil
1049 2025 1088 2082 ad

197 2112 1088 2184 iucundevivendumrepeririposscquodconiunctionetali

197 2205 237 2260 sit
251 2207 358 2273 aptius.
628 2201 629 2204 '

238 2276 382 2361 “Quibus
394 2310 432 2347 ex
442 2291 581 2348 omnibus
592 2291 716 2349 iudicari
727 2299 829 2364 potest
844 2312 905 2349 non
920 2292 1011 2349 modo
1025 2312 1087 2349 non

197 2379 336 2450 impediri
356 2383 506 2436 rationem
526 2383 675 2439 amicitiae
695 2386 720 2439 si
743 2401 894 2439 summum
917 2382 1031 2439 bonum
1054 2386 1086 2439 in

196 2467 352 2538 voluptate
364 2475 504 2539 ponatur,
516 2469 570 2526 sed
582 2474 646 2527 sine
657 2470 715 2528 hoc
726 2473 951 2528 institutionem
962 2475 1086 2528 omnino

196 2560 345 2613 amicitiae
360 2576 421 2613 non
436 2577 523 2629 posse
538 2563 670 2630 reperiri.

134 2651 168 2708 71
237 2645 320 2702 XXI.
344 2631 564 2719 “Quapropter
579 2653 604 2706 si
618 2669 654 2706 ea
671 2669 748 2720 quae
766 2649 830 2706 dixi
849 2648 912 2706 sole
932 2653 997 2720 ipso
1016 2649 1085 2708 illu-

195 2738 301 2792 striora
326 2741 360 2792 et
384 2735 507 2793 clariora
533 2745 613 2809 sunt,
636 2742 660 2795 si
682 2742 783 2795 omnia
803 2726 930 2796 hausta3
955 2758 972 2795 e
997 2738 1085 2798 fonte

193 2831 329 2895 naturae,
355 2828 380 2882 si
408 2832 474 2883 tota
502 2831 597 2884 oratio
625 2834 728 2884 nostra
756 2846 878 2884 omnem
907 2829 963 2886 sibi
991 2827 1085 2887 fidem

244 2961 355 3058 :poterit
365 2969 436 3013 most
448 2964 521 3023 edd.;
529 2965 650 3042 potuerit
661 2965 735 3042 Mdr.
748 2966 812 3014 with
827 2967 904 3016 MSS.

245 3029 881 3156 ⁸mgedffilgrasstmgl?vdilvtgtssrralglsgied
893 3097 929 3162 by
942 3098 1015 3149 Mdv.

276 3175 315 3234 72
