2332 3698
401 208 551 268 CICERO
573 208 631 267 DE
653 209 822 268 FlNIBUS

166 338 232 404 quis
246 333 286 390 de
301 351 333 390 se
348 335 458 388 mereri
471 332 589 402 sibique
603 335 742 388 inimicus
758 351 823 388 esse
838 338 931 401 atque
951 331 1060 400 hostis,

163 434 258 486 vitam
272 428 405 497 denique
425 426 542 497 fugere,
557 428 759 498 intellegatur
778 427 911 498 aliquam
932 428 1059 484 subesse

165 524 313 582 eiusmodi
333 543 452 580 causam
472 531 507 580 ut
527 543 564 580 ex
586 543 622 580 eo
642 527 708 594 ipso
728 523 869 593 intellegi
889 527 987 593 possit
1002 523 1059 580 sibi

103 627 142 678 30
164 639 316 691 quemque
331 638 397 676 esse
413 639 522 676 carum.
568 618 634 676 Nec
649 639 720 676 vero
740 620 772 676 id
793 623 865 675 satis
886 625 944 689 est,
960 621 1059 675 nemi-

164 736 236 774 nem
251 735 316 773 esse
331 719 383 785 qui
397 719 462 786 ipse
477 735 509 772 se
521 715 630 785 oderit,
642 715 697 772 sed
712 714 788 772 illud
799 734 919 785 quoque
935 714 1059 771 intelle-

165 812 302 884 gendum
316 819 373 881 est,
388 815 544 868 neminem
564 831 629 868 esse
650 815 702 882 qui
723 811 874 881 quomodo
894 830 926 867 se
945 809 1060 866 habeat

166 908 243 965 nihil
258 927 311 964 sua
325 914 448 964 censeat
462 911 619 964 interesse.
653 906 791 964 Tolletur
806 911 888 962 enim
902 910 1059 976 appetitus

167 1008 260 1060 animi
284 1007 319 1072 si,
339 1010 374 1059 ut
399 1007 431 1059 in
456 1007 492 1060 iis
514 1004 605 1060 rebus
628 1008 709 1060 inter
732 1022 806 1073 quas
828 1002 905 1058 nihil
929 1006 1060 1059 interest

167 1107 308 1156 neutram
336 1103 369 1154 in
396 1105 515 1169 partem
543 1103 753 1170 propensiores
782 1118 893 1167 sumus,
922 1102 999 1154 item
1028 1103 1059 1154 in

168 1196 320 1252 nobismet
347 1198 419 1265 ipsis
448 1193 704 1264 quemadmodum
732 1193 833 1252 affecti
861 1199 954 1251 simus
983 1194 1061 1250 nihil

168 1298 271 1347 nostra
285 1291 498 1348 arbitrabimur
512 1294 667 1347 interesse.

211 1385 266 1442 XL
291 1372 423 1456 “Atque
439 1390 532 1443 etiam
548 1370 624 1442 illud
638 1390 663 1442 si
678 1391 730 1456 qui
741 1385 842 1443 dicere
858 1386 941 1456 velit,
953 1387 1062 1457 perab-

169 1481 293 1538 surdum
322 1485 371 1549 sit,
397 1485 440 1536 ita
463 1480 549 1549 diligi
572 1501 590 1536 a
615 1501 681 1538 sese
710 1501 861 1552 quemque
886 1489 922 1538 ut
951 1502 988 1539 ea
1017 1487 1062 1540 vis

169 1575 1063 1648 diligendiadaliamremquampiamreferatur,nonadeum

170 1677 269 1743 ipsum
284 1675 336 1741 qui
351 1691 416 1728 sese
433 1670 549 1740 diligat.
595 1672 664 1728 Hoc
684 1691 754 1729 cum
774 1678 807 1729 in
826 1677 976 1743 amicitiis
991 1693 1062 1731 eum

169 1773 201 1824 in
216 1768 328 1837 officiis,
340 1786 410 1824 eum
424 1770 455 1822 in
469 1767 632 1824 virtutibus
648 1768 768 1838 dicitur,
779 1769 1062 1840 quomodocumque

171 1864 293 1934 dicitur,
322 1862 462 1932 intellegi
490 1871 595 1920 tamen
624 1864 697 1933 quid
726 1864 844 1921 dicatur
872 1872 993 1935 potest3
1030 1870 1062 1922 in

70 1970 75 1980 “
171 1962 325 2018 nobismet
359 1963 431 2029 ipsis
466 1967 569 2016 autem
598 1947 657 2016 ne1
685 1959 825 2030 intellegi
854 1961 979 2030 quidem
1008 1949 1064 2018 utl

171 2064 296 2128 propter
314 2056 403 2112 aliam
423 2060 594 2126 quampiam
615 2075 689 2126 rem,
713 2057 798 2112 verbi
819 2061 917 2125 gratia
933 2065 1065 2128 propter

172 2152 369 2223 voluptatem,
392 2171 446 2208 nos
465 2170 619 2219 amemus3
640 2159 766 2222 propter
787 2171 841 2209 nos
863 2155 945 2208 enim
967 2152 1064 2224 illam,

111 2254 142 2304 31
171 2267 233 2304 non
256 2255 381 2318 propter
403 2267 470 2304 eam
494 2255 615 2304 nosmet
637 2251 717 2318 ipsos
739 2247 901 2318 diligimus.
947 2247 1064 2318 Quam-

172 2362 261 2413 quam
277 2341 350 2412 quid
365 2349 412 2399 est
425 2343 507 2412 quod
518 2347 614 2412 magis
624 2348 816 2414 perspicuum
828 2347 868 2400 sit
878 2331 988 2413 quum1
1000 2364 1064 2402 non

170 2437 261 2495 modo
276 2457 378 2494 carum
392 2439 449 2494 sibi
464 2458 626 2508 quemque,
638 2458 742 2496 verum
758 2443 850 2496 etiam
862 2440 1066 2498 vehementer

172 2555 273 2591 carum
294 2535 381 2591 esse?
404 2539 470 2604 quis
491 2542 538 2591 est
558 2539 641 2592 enim
660 2542 713 2591 aut
731 2543 842 2605 quotus
862 2540 989 2606 quisque
1013 2543 1064 2594 cui

170 2650 250 2687 mors
265 2650 333 2687 cum
348 2634 571 2701 appropinquet
584 2650 646 2687 non

192 2712 339 2796 ‘refugiat
353 2726 460 2783 timido
475 2746 611 2798 sanguen
626 2734 718 2797 atque
734 2727 907 2786 exalbescat
920 2728 1041 2785 metu'?

172 2822 238 2878 Etsi
257 2820 316 2878 hoc
335 2822 460 2892 quidem
480 2826 573 2879 estin
588 2826 671 2891 vitio,
687 2822 917 2881 dissolutionem
934 2831 1062 2882 naturae

378 2924 436 2981 ¹ne,
449 2929 488 2978 ut,
501 2940 583 2987 quam
595 2925 714 2973 inserted
726 2924 761 2987 by
773 2925 834 2973 edd.

206 3027 308 3074 aFrom
326 3028 372 3074 the
392 3043 467 3074 same
488 3042 611 3090 passage
629 3027 661 3074 of
681 3027 807 3076 Ennius's
827 3029 970 3077 Alcmaeon
990 3045 1023 3078 as
1039 3031 1063 3079 is

174 3092 276 3157 quoted
287 3099 317 3141 at
330 3092 376 3151 IV,
389 3092 430 3140 62.

254 3176 323 3231 424.
