2332 3698
442 233 593 292 CICERO
616 231 864 292 DE'FINIBUS

207 336 308 427 niunt,
323 356 361 413 de
383 360 419 412 iis
441 359 466 413 si
487 355 590 426 placet
611 353 821 412 disseramus”
866 339 976 410 “Mihi
997 353 1099 424 vero,’'

208 486 317 552 inquit,
333 467 461 553 “placet
481 485 531 551 agi
553 481 692 539 subtilius
712 489 745 538 et
764 488 799 538 ut
818 483 883 552 ipse
899 480 1003 537 dixisti
1016 499 1101 551 pres-

208 613 277 666 sius
322 607 409 678 Quae
430 612 512 665 enim
532 607 633 665 adhuc
655 607 819 678 protulisti,
838 607 994 678 popularia
1014 613 1101 676 sunt3

208 753 266 805 ego
289 717 393 791 autem
416 755 438 808 a¹
455 742 488 791 te
509 734 698 804 elegantiora
719 732 889 792 desider0.''
934 717 992 789 “A
1009 752 1100 789 mene

208 860 285 917 tu?”
301 865 441 931 inquam;
463 845 546 918 “sed
561 867 666 916 tamen
681 863 789 930 enitar,
805 867 837 916 et
852 863 876 916 si
891 863 991 915 minus
1005 859 1103 916 multa

147 993 185 1044 25
208 987 284 1044 mihi
312 995 473 1045 occurrent
501 1006 563 1043 non
590 985 705 1056 fugiam
735 990 794 1044 ista
821 986 985 1058 popularia.
1039 985 1101 1044 Sed

181 1192 184 1196 ι
208 1117 341 1184 positum
357 1117 396 1170 sit
413 1117 545 1183 primum
559 1119 682 1169 nosmet
696 1116 776 1183 ipsos
791 1111 1020 1168 commendatos
1035 1130 1102 1168 esse

208 1241 295 1297 nobis
305 1243 493 1311 primamque
499 1230 541 1295 ‘ex
550 1246 659 1296 natura
670 1238 748 1295 hanc
760 1237 872 1295 habere
879 1242 1102 1309 appetitionem

209 1373 244 1422 ut
259 1384 471 1422 conservemus
485 1371 607 1421 nosmet
621 1369 710 1435 ipsos.
742 1364 813 1421 Hoc
829 1367 988 1434 convenit;
1002 1368 1103 1434 sequi-

210 1500 261 1550 tur
282 1491 359 1549 illud
381 1499 416 1548 ut
436 1491 712 1548 animadvertamus
735 1496 787 1562 qui
808 1497 900 1550 simus
915 1495 982 1564 ipsi,
997 1500 1032 1550 ut
1046 1512 1103 1549 nos

209 1617 313 1688 quales
322 1625 445 1689 oportet
454 1636 519 1674 esse
529 1636 691 1674 servemus.
722 1617 832 1675 Sumus
843 1623 937 1688 igitur
947 1618 1103 1687 homines;

210 1763 247 1801 ex
261 1749 363 1801 animo
378 1752 551 1802 constamus
566 1751 599 1802 et
613 1763 748 1815 corpore,
762 1764 840 1815 quae
855 1753 927 1802 sunt
946 1744 1102 1802 cuiusdam

125 1868 128 1875 ’
209 1872 302 1942 modi,
321 1891 436 1942 nosque
461 1879 592 1942 oportet,
611 1879 646 1928 ut
668 1875 766 1942 prima
786 1875 935 1942 appetitio
956 1872 1103 1928 naturalis

208 1999 353 2072 postulat,
369 1999 444 2055 haec
465 1997 593 2068 diligere
614 2002 861 2069 constituereque
880 2018 918 2055 ex
940 1998 988 2056 his
1009 1997 1102 2056 finem

210 2126 296 2183 illum
311 2128 420 2181 summi
435 2124 507 2180 boni
523 2131 615 2194 atque
630 2123 729 2181 ultimi
737 2143 745 2192 ;
769 2143 861 2195 quem
876 2128 900 2182 si
920 2128 1017 2195 prima
1031 2144 1102 2182 vera

208 2259 280 2310 sunt
295 2256 338 2308 ita
353 2254 498 2307 constitui
512 2269 638 2308 necesse
654 2258 711 2321 est,
723 2269 826 2308 earum
837 2270 939 2308 rerum
950 2271 1028 2322 quae
1040 2255 1102 2310 sint

208 2369 377 2429 secundum
397 2377 538 2426 naturam
558 2389 649 2440 quam
669 2371 798 2442 plurima
818 2379 851 2428 et
865 2391 954 2442 quam
970 2376 1101 2429 maxima

147 2493 186 2554 26
209 2494 343 2564 adipisci.
382 2491 476 2548 Hunc
490 2495 585 2561 igitur
600 2491 692 2548 finem
706 2493 751 2550 illi
765 2501 943 2563 tenuemnt,
958 2494 1100 2565 quodque

209 2634 267 2685 ego
282 2612 418 2683 pluribus
438 2612 547 2682 verbiS,
562 2612 607 2669 illi
626 2613 756 2683 breviuS,
772 2614 940 2671 secundum
960 2621 1100 2671 naturam

208 2737 319 2803 vivere,
334 2731 392 2789 hoc
408 2736 444 2791 iis
458 2733 607 2789 bonorum
620 2732 781 2790 videbatur
792 2741 971 2791 extremum.

250 2853 304 2912 XI.
329 2839 427 2924 “Age
449 2873 532 2911 nunc
550 2858 601 2911 isti
620 2853 760 2924 doceant,
777 2855 825 2911 vel
844 2862 878 2911 tu
899 2859 1000 2926 potius
1019 2843 1100 2926 (quis

207 2979 290 3032 enim
304 2978 362 3030 ista
376 2961 528 3044 melius?),
544 2993 677 3043 quonam
692 2973 783 3031 modo
801 2975 840 3032 ab
858 2974 966 3031 iisdem
987 2980 1100 3046 princi-

208 3105 265 3172 piis
280 3099 410 3171 profecti
426 3099 561 3158 efficiatis
577 3106 613 3156 ut
627 3098 756 3158 honeste
771 3104 872 3157 vivere
891 3087 936 3167 (id
954 3108 1001 3158 est
1016 3106 1100 3160 enim

291 3189 350 3242 328
