2332 3698
431 453 472 509 M.
490 452 635 535 TULLII
653 452 873 512 CICERONIS

624 561 681 619 DE

304 669 327 726 F
329 668 472 728 INIBUS
488 669 699 745 BONORUM
714 670 767 727 ET
783 669 999 728 MALORUM

472 778 597 835 LIBER
612 778 832 837 SECUNDUS

168 952 179 1000 l
249 944 271 1002 Ι.
296 946 358 1003 Hic
369 965 437 1003 cum
449 946 578 1016 uterque
587 964 637 1002 me
646 949 818 1003 intueretur
826 964 952 1015 seseque
962 946 1001 1003 ad
1012 946 1098 1003 audi-

206 1040 319 1099 endum
349 1041 554 1112 significarent
585 1049 714 1112 paratos,
744 1027 933 1111 “Primum''
963 1045 1098 1112 inquam,

207 1123 379 1210 “deprecor
413 1158 453 1196 ne
478 1157 528 1194 me
556 1145 712 1208 tamquam
740 1137 953 1210 philosophum
982 1143 1099 1210 putetis

207 1233 339 1291 scholam
350 1235 434 1292 vobis
449 1233 580 1303 aliquam
590 1231 819 1304 explicaturum,
829 1234 910 1304 quod
924 1253 964 1290 ne
979 1237 1011 1289 in
1026 1237 1099 1304 ipsis

207 1330 331 1400 quidem
352 1328 538 1401 philosophis
555 1347 666 1397 magno
686 1348 777 1398 opere
800 1349 942 1400 umquam
964 1330 1097 1400 probavi.

208 1424 339 1496 Quando
353 1429 435 1482 enim
456 1426 606 1498 Socrates,
621 1432 672 1499 qui
687 1445 795 1498 parens
810 1425 1018 1496 philosophiae
1033 1430 1099 1484 iure

208 1522 267 1579 dici
291 1527 402 1591 potest,
418 1522 582 1593 quidquam
603 1524 665 1582 tale
685 1522 778 1580 fecit?
821 1521 933 1578 Eorum
954 1529 1020 1579 erat
1039 1525 1099 1580 iste

205 1636 270 1674 mos
298 1620 350 1687 qui
374 1624 440 1674 tum
464 1618 615 1690 sophistae
640 1618 889 1685 nominabantur;
924 1637 1052 1688 quorum
1081 1637 1099 1675 e

207 1732 333 1770 numero
348 1717 461 1784 primus
476 1709 524 1772 esl
538 1735 626 1773 ausus
644 1715 813 1773 Leontinus
834 1713 961 1782 Gorgias
976 1717 1007 1769 in
1027 1733 1099 1770 con-

207 1817 302 1866 ventu
326 1795 465 1880 ‘poscere
487 1810 717 1882 quaestionem,'
742 1809 774 1866 id
798 1817 846 1867 est
868 1809 972 1866 iubere
997 1808 1099 1866 dicere

207 1925 266 1974 qua
280 1905 319 1962 de
334 1924 366 1962 re
381 1910 448 1976 quis
462 1906 557 1964 vellet
571 1907 683 1964 audire.
707 1905 816 1962 Audax
834 1908 1003 1974 negotium,
1017 1905 1099 1962 dice-

205 2019 270 2057 rem
285 2000 455 2071 impudens,
467 2006 524 2059 nisi
539 2001 596 2059 hoc
610 2006 785 2060 iustitutum
800 2007 906 2071 postea
919 1999 1099 2057 translatum

166 2101 184 2151 2
206 2095 244 2152 ad
259 2103 376 2153 nostros
390 2095 584 2169 philosophos
599 2105 687 2156 esset.
716 2096 777 2155 Sed
793 2104 825 2154 et
839 2096 925 2153 illum
939 2115 1031 2167 quem
1045 2115 1100 2153 no·

206 2195 317 2248 mInavi
340 2199 373 2249 et
395 2200 513 2251 ceteros
535 2193 693 2264 sophistas,
709 2200 783 2249 ute
810 2192 936 2249 Platone
959 2191 1100 2262 intellegi
1158 2180 1160 2189 ¹

206 2293 318 2357 potest,
327 2286 408 2344 lusos
419 2289 556 2347 videmus
567 2309 585 2346 a
600 2289 732 2348 Socrate.
757 2286 787 2345 Is
799 2291 881 2345 enim
892 2287 1100 2357 percontando

206 2389 298 2453 atque
321 2384 537 2455 interrogando
555 2385 665 2442 elicere
685 2383 802 2441 solebat
819 2403 923 2440 eorum
943 2387 1100 2454 opiniones

206 2479 384 2549 quibuscum
399 2480 576 2548 disserebat,
588 2487 623 2537 ut
636 2480 675 2537 ad
695 2498 822 2550 eaquae
837 2482 858 2534 ii
873 2479 1100 2550 respondissent

207 2578 231 2631 si
246 2575 320 2645 quid
334 2575 489 2633 videretur
504 2576 628 2632 diceret.
658 2574 719 2646 Qui
733 2594 798 2632 mos
812 2595 882 2632 cum
895 2594 913 2631 a
927 2579 1100 2645 posteriori-

207 2670 262 2727 bus
273 2690 334 2727 non
347 2679 428 2728 esset
441 2678 580 2728 retentus
582 2715 591 2742 ,
603 2670 752 2728 Arcesilas
764 2690 834 2728 eum
849 2675 1000 2727 revocavit
1015 2675 1101 2728 insti-

208 2768 328 2836 tuitque
344 2774 378 2823 ut
393 2771 414 2822 ii
429 2771 480 2836 qui
501 2786 533 2823 se
548 2766 652 2824 audire
667 2767 782 2824 vellent
797 2786 859 2823 non
874 2767 913 2823 de
928 2785 960 2824 se
975 2786 1101 2837 quaere-

207 2869 278 2918 rent
302 2862 356 2919 sed
381 2865 438 2932 ipsi
460 2862 600 2920 dicerent
623 2863 696 2933 quid
725 2866 891 2930 sentirent3
923 2862 1005 2934 quod
1030 2882 1100 2940 cum

207 2957 364 3027 dixissent,
379 2957 431 3014 ille
447 2964 559 3014 contra.
595 2957 657 3016 Sed
671 2977 741 3016 eum
755 2962 807 3029 qui
822 2957 988 3015 audiebant
1002 2959 1102 3028 quoad

207 3059 349 3124 poterant
359 3051 569 3113 defendebant
579 3059 763 3114 sententiam
774 3072 873 3122 suam3
888 3054 968 3124 apud
983 3061 1104 3114 ceteros

292 3141 329 3200 78
