2332 3698
455 219 605 278 CICERO
629 220 686 278 DE
708 219 877 278 FINIBUS

222 352 372 415 petemus.
417 341 569 412 Quoniam
602 345 685 398 enim
720 349 829 399 natura
871 347 933 399 suis
978 345 1118 400 omnibus

223 444 338 516 expleri
361 444 497 514 partibus
519 443 593 513 vult,
613 442 695 500 hunc
715 450 828 500 statum
849 449 985 514 corporis
1013 465 1118 516 perse

222 551 321 617 ipsum
344 549 462 616 expetit
481 549 533 615 qui
553 553 601 602 est
620 549 752 602 maxime
774 565 791 602 e
811 552 929 615 natura,
953 566 1038 616 quae
1058 554 1119 604 tota

222 648 418 719 perturbatur
433 651 457 704 si
472 655 526 704 aut
547 666 674 717 aegrum
694 667 801 718 corpus
822 655 870 704 est
889 654 944 704 aut
962 647 1055 706 dolet
1069 656 1118 706 aut

222 757 305 807 caret
318 751 439 806 viribus,

102 842 104 846 ’
161 859 200 910 48
265 852 381 909 XVIII.
404 837 594 908 “Videamus
608 854 701 907 animi
716 858 828 921 partes,
840 871 968 921 quarum
984 862 1036 910 est
1051 874 1118 911 con-

223 962 346 1025 spectus
361 952 520 1019 illustrior;
535 972 612 1023 quae
627 971 687 1023 quo
701 958 773 1008 sunt
788 952 979 1024 excelsiores
992 974 1032 1011 eo
1047 955 1120 1013 dant

223 1055 348 1112 clariora
362 1054 474 1111 indicia
489 1061 623 1110 naturae.
647 1052 763 1111 Tantus
778 1062 826 1112 est
840 1058 933 1125 igitur
947 1059 1077 1115 innatus
1090 1063 1119 1114 in

223 1159 309 1214 nobis
325 1160 506 1226 cognitionis
520 1174 604 1211 amor
618 1163 651 1212 et
665 1160 811 1213 scientiae
826 1154 861 1214 ut
875 1177 966 1214 nemo
977 1157 1120 1217 dubitare

223 1259 319 1324 possit
336 1257 410 1323 quin
428 1252 466 1309 ad
482 1271 532 1308 eas
547 1271 595 1309 res
609 1251 766 1309 hominum
781 1261 889 1310 natura
903 1252 989 1311 nullo
1003 1256 1120 1313 emolu-

222 1358 327 1407 mento
337 1353 465 1405 invitata
479 1353 620 1418 rapiatur.
646 1348 832 1405 Videmusne
847 1356 883 1406 ut
896 1354 983 1426 pueri
997 1371 1040 1408 ne
1055 1371 1121 1409 ver-

223 1452 344 1507 beribus
359 1449 483 1519 quidem
498 1469 516 1504 a
530 1448 774 1520 contemplandis
788 1451 878 1506 rebus
893 1452 1121 1521 perquirendis-

223 1572 281 1622 que
293 1551 527 1608 deterreantur?
542 1557 577 1606 ut
589 1549 666 1621 pulsi
679 1553 855 1609 recurrant?
870 1559 905 1608 ut
915 1551 1032 1622 ahquid
1044 1559 1122 1611 scire

222 1667 254 1704 se
269 1646 443 1716 gaudeant?
467 1652 502 1702 ut
516 1645 548 1702 id
563 1645 628 1702 aliis
643 1665 765 1702 narrare
779 1648 932 1715 gestiant?
947 1654 983 1704 ut
998 1667 1122 1720 pompa,

222 1743 303 1800 ludis
314 1751 407 1813 atque
419 1741 568 1798 eiusmodi
578 1741 758 1813 spectaculis
767 1750 932 1799 teneantur
941 1743 981 1799 ob
990 1763 1122 1815 eamque

224 1860 289 1896 rem
310 1839 360 1896 vel
382 1838 495 1895 famem
517 1845 550 1895 et
570 1842 652 1895 sttim
666 1813 842 1908 perferant?
864 1837 947 1908 Quid
961 1858 1033 1896 vero
1041 1841 1059 1895 Ρ·
1069 1846 1123 1910 qui

223 1939 365 2005 ingenuis
395 1934 503 1992 studiis
531 1942 624 2004 atque
653 1935 768 1990 artibus
790 1933 993 2004 delectantur,
1016 1955 1123 1993 nonne

223 2031 361 2088 videmus
377 2050 427 2087 eos
443 2050 500 2086 nec
512 2029 695 2086 valetudinis
709 2049 767 2085 nec
782 2033 826 2085 rei
840 2027 994 2106 familiaris
1005 2030 1122 2089 habere

224 2132 374 2184 rationem
386 2130 546 2196 omniaque
559 2129 679 2197 perpeti
688 2129 753 2196 ipsa
762 2128 936 2194 cognitione
948 2133 980 2182 et
991 2131 1123 2184 scientia

224 2230 328 2292 captos
344 2229 376 2278 et
392 2241 461 2278 cum
475 2226 613 2278 maximis
625 2224 703 2278 curts
715 2228 747 2277 et
758 2220 910 2276 laboribus
922 2239 1122 2291 compensare

162 2325 201 2384 49
225 2339 292 2375 eam
315 2338 406 2389 quam
429 2337 467 2373 ex
490 2317 637 2374 discendo
660 2320 782 2387 capiant
805 2315 1013 2387 voluptatem?
1039 2317 1123 2374 Mihi

224 2414 348 2485 quidem
364 2414 517 2470 Homerus
533 2413 705 2470 huiusmodi
720 2411 864 2482 quiddam
875 2412 985 2469 vidisse
997 2413 1121 2471 videtur

224 2519 255 2571 in
279 2518 314 2572 iis
338 2533 415 2584 quae
437 2514 476 2570 de
498 2513 640 2571 Sirenum
662 2513 801 2569 cantibus
823 2499 967 2570 finxerit.l
1008 2513 1120 2584 Neque

225 2615 307 2668 enim
322 2630 429 2666 vocum
444 2614 593 2666 suavitate
609 2609 752 2666 videntur
765 2616 819 2666 aut
836 2612 972 2665 novitate
988 2609 1120 2678 quadam

223 2713 256 2763 et
274 2709 422 2762 varietate
443 2705 588 2762 cantandi
612 2723 754 2761 revocare
775 2723 826 2761 eos
842 2704 948 2761 solitae
964 2707 1017 2773 qui
1031 2725 1120 2776 prae-

224 2800 474 2870 tervehebantur,
486 2800 541 2857 sed
556 2805 626 2870 quia
640 2800 737 2857 multa
752 2819 784 2857 se
799 2805 875 2856 scire
887 2799 1120 2873 profitebantur,

225 2905 261 2954 ut
282 2896 420 2953 homines
440 2896 479 2953 ad
500 2916 603 2954 earum
623 2916 693 2953 saxa
714 2895 851 2952 discendi
874 2895 1043 2967 cupiditate
1065 2897 1120 2955 ad·

253 3033 259 3060 ¹
262 3033 383 3097 finxerit
394 3031 438 3079 ins.
452 3029 530 3077 MSS.
537 3048 543 3086 ;
561 3030 655 3078 others
664 3030 757 3094 finxit
767 3030 896 3094 (perhaps
907 3030 1010 3095 rightly
1020 3029 1120 3093 Mdv.);

226 3098 361 3160 finxerint
372 3099 402 3154 B,
416 3097 448 3146 E.

310 3181 368 3233 448
