2332 3698
396 246 546 305 CICERO
569 246 626 305 DE
648 246 817 306 FINlBUS

75 406 77 411 -
163 385 237 435 quos
259 386 330 423 cura
349 372 432 424 omni
451 368 605 439 liberatos,
617 368 735 426 nullum
751 373 958 427 necessarium
978 373 1057 426 vitae

163 467 277 524 cultum
293 476 347 525 aut
361 478 500 541 paratum
519 475 721 541 requirentes,
736 469 812 528 nihil
832 471 917 528 aliud
936 479 1057 529 acturos

163 577 274 640 putant
288 574 345 628 nisi
360 579 395 629 ut
409 592 499 630 omne
519 580 641 644 tempus
658 572 840 643 inquirendo
859 593 894 630 ac
910 573 1057 632 discendo

163 674 196 726 in
214 679 342 730 naturae
362 678 537 745 cognitione
558 682 746 732 consumant.
792 676 855 732 Nos
874 683 983 733 autem
997 695 1057 732 non

163 772 260 830 solum
275 775 383 833 beatae
398 780 477 833 vitae
492 780 581 833 istam
593 797 658 834 esse
670 776 908 834 oblectationem
919 777 1057 835 videmus

164 875 218 932 sed
241 880 335 934 etiam
357 877 570 935 levamentum
599 882 805 947 miseriarum;
833 882 939 949 itaque
968 879 1058 936 multi

164 997 234 1033 cum
256 982 287 1034 in
312 987 465 1050 potestate
488 987 591 1037 essent
614 980 747 1036 hostium
770 987 824 1037 aut
846 987 1058 1051 tyrannorum,

53 1131 56 1135 .
164 1079 253 1136 multi
277 1084 308 1137 in
332 1082 478 1151 custodia,
502 1081 591 1139 multi
617 1086 649 1138 in
675 1081 781 1139 exsilio
807 1081 945 1139 dolorem
970 1102 1058 1141 suum

104 1187 142 1237 54
165 1182 321 1241 doctrinae
337 1185 445 1241 studiis
462 1183 610 1240 levarunt.
656 1183 800 1255 Princeps
818 1182 907 1240 huius
926 1187 1059 1242 civitatis

166 1283 329 1342 Phalereus
342 1285 527 1356 Demetrius
540 1305 608 1342 cum
623 1289 720 1356 patria
731 1285 834 1356 pulsus
846 1293 927 1342 esset
938 1288 1060 1356 iniuria,

164 1387 203 1443 ad
230 1387 439 1444 Ptolemaeum
466 1407 498 1444 se
527 1407 632 1457 regem
662 1386 887 1444 Alexandream
916 1387 1058 1445 contulit.

165 1486 226 1557 Qui
241 1507 310 1543 cum
325 1492 358 1543 in
372 1488 430 1545 hac
449 1493 514 1559 ipsa
534 1486 725 1559 philosophia
744 1487 783 1544 ad
803 1507 893 1558 quam
908 1495 941 1545 te
956 1487 1061 1546 horta-

164 1602 232 1638 mur
247 1583 413 1641 excelleret
432 1583 696 1656 Theophrastique
716 1591 797 1642 esset
816 1584 946 1654 auditor,
962 1585 1062 1642 multa

164 1679 317 1750 praeclara
331 1684 363 1736 in
378 1680 430 1737 illo
446 1680 620 1738 calamitoso
635 1684 698 1737 otio
713 1684 833 1751 scripsit
842 1700 905 1737 non
915 1679 956 1737 ad
969 1700 1061 1738 usum

164 1777 298 1846 aliquem
319 1798 408 1835 suum
431 1796 490 1848 quo
513 1785 579 1834 erat
600 1778 742 1844 orbatus;
763 1776 818 1833 sed
841 1779 935 1832 animi
958 1777 1061 1835 cultus

165 1873 217 1931 ille
233 1880 298 1930 erat
314 1878 343 1930 ei
355 1878 447 1944 ³quasi
467 1873 589 1944 quidam
609 1872 808 1930 humanitatis
827 1872 919 1929 cibus.
965 1871 1061 1942 Equi-

165 1969 268 2026 deme
284 1970 337 2026 Cn.
355 1969 487 2039 Aufidio,
502 1973 663 2040 praetoria,
679 1967 800 2026 erudito
815 1966 948 2038 homine,
964 1968 1062 2026 oculis

55 2065 59 2071 ’
163 2073 262 2136 capto,
274 2085 365 2136 saepe
380 2066 541 2123 audiebam
556 2085 625 2121 cum
637 2083 669 2121 se
680 2064 756 2121 lucis
767 2067 863 2133 magis
874 2082 965 2133 quam
977 2064 1061 2121 utili-

165 2166 237 2220 tatis
264 2161 417 2220 desiderio
442 2165 557 2218 moveri
582 2161 707 2218 diceret.
753 2159 898 2217 Somnum
924 2158 1061 2230 denique

165 2259 262 2328 nobis,
273 2262 331 2315 nisi
342 2262 514 2328 requietem
530 2257 703 2328 corporibus
719 2264 752 2313 et
765 2255 948 2312 medicinam
963 2275 1061 2326 quan-

166 2355 236 2413 dam
264 2354 375 2410 laboris
403 2352 536 2424 afferret,
566 2360 672 2409 contra
707 2359 846 2408 naturam
882 2358 1062 2422 putaremus

165 2451 291 2519 datum;
312 2449 413 2508 aufert
432 2454 515 2507 enim
535 2468 641 2506 sensus
660 2452 873 2517 actionemque
893 2446 976 2504 tollit
995 2467 1060 2504 om-

165 2566 255 2615 nem3
277 2551 381 2617 itaque
396 2551 420 2604 si
440 2554 494 2604 aut
512 2549 683 2616 requietem
697 2551 806 2600 natura
820 2562 882 2599 non
897 2552 1062 2613 quaereret

164 2652 218 2700 aut
233 2663 300 2700 eam
315 2652 418 2714 posset
432 2643 491 2699 alia
511 2642 641 2713 quadam
661 2644 779 2697 ratione
799 2643 953 2709 consequi,
969 2638 1060 2698 facile

164 2747 348 2810 pateremur,
364 2743 416 2810 qui
432 2744 524 2796 etiam
539 2757 622 2795 nunc
639 2735 751 2807 agendi
770 2735 885 2805 aliquid
906 2733 1060 2793 discendi-

164 2855 224 2906 que
247 2855 335 2893 causa
357 2855 451 2907 prope
473 2842 579 2892 contra
600 2840 740 2890 naturam
763 2830 879 2901 vigilias
905 2835 1059 2902 suscipere

164 2931 320 2989 soleamus

104 3032 141 3083 55
206 3027 273 3086 XX.
291 3014 735 3086 “Suntautemetiam'clariora
744 3022 792 3079 vel
802 3021 1059 3095 planeperspicua
1093 3092 1099 3107 ι

163 3128 349 3195 minimeque
358 3122 526 3181 dubitanda
536 3122 648 3179 indicia
656 3127 792 3189 naturae,
800 3121 931 3175 maxime
941 3117 1059 3178 scilicet

250 3215 310 3264 454
1062 3224 1064 3229 ·
