2332 3698
458 229 609 288 CICERO
632 229 689 286 DE
712 228 880 289 FINIBUS

220 359 323 410 autem
338 350 532 423 philosophos
548 355 600 422 qui
617 354 765 421 quaesivit
778 351 892 421 aliquid
912 358 1009 420 tacet3
1031 351 1114 422 quod

219 466 342 537 quidem
357 470 417 522 iam
431 465 465 522 fit
479 470 571 522 etiam
586 470 617 522 in
630 466 801 523 Academia.
849 465 909 523 Ubi
924 469 1006 522 enim
1021 470 1046 522 is
1061 469 1113 536 qui

219 580 324 636 audire
350 579 416 637 vult
438 584 481 637 ita
503 581 596 638 dixit:
617 565 779 650 ‘Voluptas
802 578 877 636 mihi
898 579 1020 637 videtur
1045 599 1111 638 esse

219 714 369 752 summum
389 694 521 765 bonum,'
537 701 685 767 perpetua
705 698 840 751 oratione
855 701 961 751 contra
975 693 1111 765 disputa-

217 816 277 878 tur,
287 815 323 865 ut
337 808 424 866 facile
436 808 576 880 intellegi
590 812 685 880 possit
697 826 747 865 eos
759 812 810 878 qui
821 806 935 877 aliquid
947 807 1003 864 sibi
1014 806 1112 865 videri
1135 829 1139 832 ·

218 922 322 980 dicant
336 943 399 980 non
412 927 492 994 ipsos
506 928 538 980 in
554 943 590 980 ea
601 926 754 980 sententia
766 941 831 980 esse
846 921 901 978 sed
914 921 1019 979 audire
1030 920 1111 980 velle

177 1042 374 1094 Scontraria.
430 1037 493 1094 Nos
529 1035 715 1094 commodius
750 1039 875 1106 agimus.
920 1035 991 1091 Non
1027 1038 1111 1093 enim

217 1151 314 1209 solum
336 1152 506 1222 Torquatus
527 1151 604 1208 dixit
623 1150 696 1221 quid
714 1153 842 1207 sentiret
857 1148 912 1206 sed
931 1152 1024 1206 etiam
1047 1168 1109 1206 cur.

216 1260 282 1331 Ego
296 1267 399 1318 autem
414 1260 551 1329 arbitror,
566 1277 747 1330 quamquam
761 1257 925 1314 admodum
939 1255 1112 1316 delectatus

127 1392 130 1400 ·
215 1388 282 1426 sum
297 1373 361 1425 eius
376 1371 512 1424 oratione
532 1373 690 1437 perpetua,
704 1373 809 1422 tamen
828 1365 1024 1434 commodius,
1039 1384 1110 1423 cum

215 1481 247 1532 in
261 1476 351 1532 rebus
366 1474 492 1544 singulis
511 1478 631 1531 insistas
651 1480 684 1530 et
706 1472 867 1543 intellegas
887 1473 959 1543 quid
981 1476 1110 1544 quisque

215 1583 372 1653 concedat,
388 1582 462 1654 quid
486 1583 610 1654 abnuat,
625 1602 663 1640 ex
686 1583 776 1640 rebus
797 1585 946 1639 concessis
968 1581 1110 1639 concludi

215 1691 297 1762 quod
311 1691 384 1748 velis
400 1698 432 1748 et
446 1690 485 1747 ad
500 1694 615 1748 exitum
631 1693 790 1762 perveniri.
823 1690 898 1747 Cum
914 1693 996 1747 enim
1011 1688 1109 1747 fertur
1149 1680 1155 1691 ’

214 1803 299 1871 quasi
324 1807 443 1856 torrens
466 1803 570 1869 oratio,
595 1803 729 1869 quamvis
754 1797 851 1855 multa
879 1797 1108 1868 cuiusquemodi

214 1913 320 1981 rapiat,
343 1907 420 1965 nihil
437 1916 542 1965 tamen
564 1915 681 1978 teneas,
695 1907 772 1963 nihil
791 1892 1021 1978 reprehendas}
1035 1925 1107 1964 nus-

214 2037 305 2088 quam
319 2021 488 2082 orationem
502 2015 638 2086 rapidam
653 2035 799 2073 coerceas.
811 2057 815 2062 μ

221 2147 222 2150 ¹
255 2111 390 2183 “Omnis
409 2131 512 2182 autem
532 2127 564 2180 in
583 2123 757 2195 quaerendo
772 2143 849 2194 quae
864 2128 912 2180 via
926 2121 1056 2194 quadam
1073 2130 1107 2182 et

213 2238 330 2291 ratione
341 2232 472 2290 habetur
486 2235 582 2290 oratio
596 2233 801 2305 praescribere
812 2235 943 2303 primum
954 2231 1058 2303 debet,
1070 2239 1107 2290 ut

211 2341 391 2412 quibusdam
405 2344 437 2397 in
451 2340 601 2399 formulis:
624 2360 660 2397 nn
676 2359 728 2396 nas
742 2358 871 2411 norrun,
886 2348 922 2397 ut
936 2343 1017 2397 inter
1031 2359 1106 2411 quos

211 2450 368 2506 disseritur
387 2453 548 2506 conveniat
570 2448 643 2518 quid
666 2452 706 2504 sit
728 2448 760 2504 id
783 2447 823 2504 de
848 2467 908 2518 quo
931 2448 1103 2505 disseratur.

171 2565 189 2614 4
214 2555 252 2614 ΙΙ.
278 2557 347 2613 Hoc
361 2560 494 2627 positum
508 2561 540 2612 in
556 2555 694 2612 Phaedro
708 2575 725 2612 a
741 2555 868 2613 Platone
882 2556 1020 2625 probavit
1032 2555 1104 2626 Epi-

210 2684 299 2723 curus
310 2669 465 2735 sensitque
477 2669 509 2721 in
520 2667 602 2721 omni
614 2663 819 2735 disputatione
831 2664 863 2721 id
877 2663 941 2721 fieri
952 2671 1102 2734 oportere.

211 2773 272 2833 Sed
296 2773 378 2844 quod
401 2778 570 2844 proximum
591 2758 653 2830 fuit
675 2791 737 2838 non
761 2772 845 2829 vidit.
890 2772 993 2842 Negat
1020 2776 1103 2830 enim

211 2881 329 2939 definiri
354 2900 418 2937 rem
443 2880 574 2951 placere,
599 2883 664 2937 sine
689 2899 749 2951 quo
772 2879 836 2937 fieri
861 2879 1015 2937 interdum
1040 2900 1104 2938 non

244 2988 435 3053 ¹reprehendas
446 2986 519 3036 Mdv.
533 2987 599 3035 with
612 2988 633 3036 B
645 3005 651 3045 3
664 2988 743 3036 other
755 2987 833 3036 MSS.
847 2987 1038 3052 apprehendas.

501 3115 661 3165 “Phaedrus
672 3128 719 3181 237
732 3116 762 3166 B.

292 3199 330 3250 80
