2332 3698
397 201 547 261 CICERO
571 202 628 259 DE
651 203 820 262 FINIBUS

163 319 262 392 levoli,
275 322 379 393 invidi,
391 323 536 395 difficiles,
547 324 684 396 lucifugi‚
696 325 846 394 maledici,
858 311 992 396 morosi,1
1003 325 1055 381 alii

161 418 265 468 autem
285 416 377 468 etiam
398 418 551 470 amatoriis
573 413 748 472 levitatibus
767 414 874 485 dediti,
894 415 945 470 alii
964 422 1054 484 petu-

162 499 270 569 lantes,
286 501 336 556 alii
350 501 489 572 audaceS,
504 508 646 574 protervi,
658 505 751 560 iidem
766 508 1007 574 intemperantes
1022 510 1055 560 et

162 592 273 658 ignavi,
288 610 454 660 numquam
468 596 499 648 in
519 596 673 649 sententia
687 600 912 663 permanentes,
927 611 1000 663 quas
1015 593 1055 649 ob

163 697 265 735 causas
280 683 312 735 in
327 699 431 736 eorum
442 685 504 738 vita
518 681 602 738 nulla
614 689 660 740 est
675 682 871 754 intercapedo
886 681 1052 738 molestiae.

164 765 263 836 Igitur
276 787 377 838 neque
392 769 553 828 stultorum
568 775 725 842 quisquam
740 773 848 829 beatus
863 790 963 842 neque
978 775 1055 841 sapi-

164 860 281 913 entium
295 877 357 914 non
369 859 483 917 beatus.
522 860 682 931 Multoque
694 861 751 917 hoc
760 861 868 917 melius
877 880 932 917 nos
943 864 1056 916 verius-

164 964 224 1015 que
235 967 326 1018 quam
340 948 442 1007 Stoici.
468 949 516 1006 Illi
528 955 609 1007 enim
622 958 737 1021 negant
752 969 818 1007 esse
841 951 954 1006 bonum
969 948 1056 1019 quid·

165 1055 254 1105 quam
269 1042 327 1095 nisi
341 1044 443 1096 nescio
457 1060 548 1110 quarn
562 1039 645 1096 illam
656 1040 794 1096 umbram
805 1038 886 1110 quod
901 1037 1058 1110 appellant

165 1123 338 1198 honesturn,
353 1149 415 1185 non
430 1136 493 1186 tam
508 1129 603 1187 solido
623 1149 713 1200 quam
735 1128 896 1200 splendido
918 1131 1058 1196 nomine;

165 1219 311 1274 virtutem
325 1225 428 1275 autem
442 1223 543 1276 nixam
559 1219 616 1275 hoc
631 1218 760 1276 honesto
775 1217 890 1275 nullam
904 1221 1058 1287 requirere

166 1304 354 1378 voluptatem
379 1316 471 1379 atque
494 1309 533 1366 ad
558 1310 648 1366 beate
667 1307 832 1365 vivendum
854 1311 972 1377 seipsa
992 1325 1058 1366 esse

166 1403 350 1453 contentam.

105 1479 143 1539 62
208 1484 292 1542 XIX.
317 1472 335 1497 “
342 1485 403 1544 Sed
417 1493 544 1557 possunt
558 1487 633 1544 haec
648 1487 778 1557 quadam
791 1490 908 1543 ratione
923 1484 983 1541 dici
997 1504 1060 1542 non

166 1573 256 1631 modo
270 1595 333 1631 non
343 1577 592 1646 repugnantibus,
603 1595 708 1633 verum
720 1580 812 1633 etiam
823 1573 1061 1645 approbantibus

167 1665 260 1721 nobis
307 1664 356 1723 Sic
371 1669 452 1723 enim
467 1665 506 1722 ab
524 1665 654 1736 Epicuro
673 1670 792 1736 sapiens
812 1683 933 1735 semper
952 1663 1060 1720 beatus

168 1754 336 1812 inducitur:
346 1755 445 1812 finitas
454 1755 548 1812 habet
557 1755 739 1826 cupiditates
748 1774 755 1823 ;
766 1753 905 1824 neglegit
914 1760 1044 1810 mortem
1053 1771 1061 1821 ;

168 1839 207 1896 de
223 1838 269 1896 dis
283 1839 502 1896 immortalibus
517 1844 582 1896 sine
597 1839 659 1896 ullo
673 1845 758 1895 metu
774 1857 845 1895 vera
866 1840 976 1904 sentit;
997 1855 1060 1893 non

168 1922 298 1993 dubitat,
314 1927 338 1979 si
352 1927 395 1979 ita
409 1923 517 1980 melius
532 1928 581 1993 sit,
592 1927 721 1993 migrare
733 1922 772 1978 de
783 1925 853 1978 vita.
899 1920 958 1976 His
969 1920 1060 1977 rebus

168 2010 333 2063 instructus
359 2026 479 2076 semper
504 2013 551 2063 est
576 2011 608 2062 in
632 2005 797 2075 voluptate.
842 2003 951 2073 Neque
977 2006 1060 2060 enim

168 2096 290 2160 tempus
310 2097 357 2146 est
376 2088 472 2146 ullum
492 2109 552 2159 quo
572 2108 634 2145 non
653 2088 720 2159 plus
740 2088 930 2158 voluptatum
947 2086 1060 2144 habeat

168 2193 258 2243 quam
280 2172 425 2230 dolorum.
470 2173 550 2229 Nam
572 2178 604 2228 et
625 2175 789 2243 praeterita
810 2177 897 2240 grate
919 2173 1060 2226 meminit

169 2264 201 2313 et
222 2257 432 2326 praesentibus
453 2261 496 2313 ita
510 2260 627 2327 potitur
647 2262 683 2312 ut
704 2253 925 2310 animadvertat
946 2261 1061 2322 quanta

169 2344 230 2396 sint
245 2358 280 2395 ea
300 2359 450 2409 quamque
470 2338 610 2408 iucunda,
626 2357 725 2408 neque
745 2337 862 2408 pendet
882 2357 919 2393 ex
939 2335 1059 2406 futuris,

169 2422 224 2480 sed
238 2429 381 2493 expectat
391 2422 451 2491 illa,
463 2421 572 2479 fruitur
583 2421 807 2492 praesentibus;
822 2421 860 2476 ab
871 2424 967 2490 iisque
979 2423 1060 2476 vitiis

169 2525 246 2576 quae
260 2505 350 2576 paulo
364 2512 436 2563 ante
451 2505 561 2577 collegi
574 2506 661 2562 abest
675 2504 847 2575 plurimum,
860 2510 972 2560 etcum
984 2502 1059 2560 stul-

169 2597 269 2646 torum
284 2594 377 2645 vitam
398 2609 467 2646 cum
487 2609 539 2646 sua
559 2596 722 2658 comparat,
737 2607 847 2657 magna
868 2587 994 2643 afficitur
1008 2605 1060 2642 vo-

168 2673 295 2743 luptate.
341 2673 468 2730 Dolores
482 2679 585 2729 autem
600 2676 625 2728 si
644 2676 696 2742 qui
712 2676 881 2741 incurrunt,
895 2689 1061 2739 numquam

170 2761 232 2813 vim
246 2762 364 2812 tantam
378 2755 494 2812 habent
508 2762 543 2812 ut
557 2775 618 2811 non
633 2754 701 2826 plus
718 2755 830 2810 habeat
845 2757 964 2824 sapiens
979 2752 1061 2822 quod

110 2836 148 2896 63
171 2838 303 2910 gaudeat
315 2859 404 2908 quam
416 2839 497 2909 quod
508 2846 644 2908 angatur.
684 2839 809 2908 Optime
821 2857 892 2895 vero
904 2837 1061 2906 EpicuruS,

171 2922 252 2993 quod
267 2908 436 2993 ‘exiguam’
450 2923 528 2981 dixit
540 2909 707 2979 ‘fortunam
722 2925 906 2979 intervenire
921 2923 1061 2990 sapienti,

270 3094 381 3143 'morosi
391 3094 550 3151 Lambinus3
564 3095 704 3142 monstrosi
725 3093 797 3142 Mdv.
809 3093 873 3140 wilh
887 3089 964 3139 MSS.

256 3171 294 3229 64
