<?xml version="1.0" encoding="UTF-8"?>
<!DOCTYPE html PUBLIC "-//W3C//DTD XHTML 1.0 Transitional//EN"
    "http://www.w3.org/TR/xhtml1/DTD/xhtml1-transitional.dtd">
<html xmlns="http://www.w3.org/1999/xhtml" xml:lang="en" lang="en">
 <head>
  <title>
</title>
<meta http-equiv="Content-Type" content="text/html;charset=utf-8" />
  <meta name='ocr-system' content='tesseract 3.04.00' />
  <meta name='ocr-capabilities' content='ocr_page ocr_carea ocr_par ocr_line ocrx_word'/>
</head>
<body>
  <div class='ocr_page' id='page_1' title='image "./definibusbonoru03cicegoog_0535.png"; bbox 0 0 2332 3698; ppageno 0'>
   <div class='ocr_carea' id='block_1_1' title="bbox 463 219 884 281">
    <p class='ocr_par' dir='ltr' id='par_1_1' title="bbox 463 219 884 281">
     <span class='ocr_line' id='line_1_1' title="bbox 463 219 884 281; baseline 0.01 -5"><span class='ocrx_word' id='word_1_1' title='bbox 463 219 613 281; x_wconf 81' lang='lat' dir='ltr'>CICERO</span> <span class='ocrx_word' id='word_1_2' title='bbox 635 219 693 278; x_wconf 87' lang='lat' dir='ltr'><strong>DE</strong></span> <span class='ocrx_word' id='word_1_3' title='bbox 715 219 884 280; x_wconf 88' lang='lat' dir='ltr'><strong>FINIBUS</strong></span> 
     </span>
    </p>
   </div>
   <div class='ocr_carea' id='block_1_2' title="bbox 166 326 1121 2907">
    <p class='ocr_par' dir='ltr' id='par_1_2' title="bbox 166 326 1121 2043">
     <span class='ocr_line' id='line_1_2' title="bbox 166 326 1121 413; baseline -0.001 -16"><span class='ocrx_word' id='word_1_4' title='bbox 166 345 205 405; x_wconf 81' lang='lat'><strong>93</strong></span> <span class='ocrx_word' id='word_1_5' title='bbox 270 340 384 398; x_wconf 89' lang='lat' dir='ltr'>XXXI.</span> <span class='ocrx_word' id='word_1_6' title='bbox 408 326 485 398; x_wconf 82' lang='lat' dir='ltr'><strong>“An</strong></span> <span class='ocrx_word' id='word_1_7' title='bbox 510 361 550 399; x_wconf 93' lang='lat' dir='ltr'><strong>ne</strong></span> <span class='ocrx_word' id='word_1_8' title='bbox 574 341 633 398; x_wconf 94' lang='lat' dir='ltr'><strong>hoc</strong></span> <span class='ocrx_word' id='word_1_9' title='bbox 657 342 782 412; x_wconf 91' lang='lat' dir='ltr'><strong>quidem</strong></span> <span class='ocrx_word' id='word_1_10' title='bbox 813 341 1025 413; x_wconf 83' lang='lat' dir='ltr'><strong>Peripateticis</strong></span> <span class='ocrx_word' id='word_1_11' title='bbox 1050 359 1121 398; x_wconf 89' lang='lat' dir='ltr'><strong>con·</strong></span> 
     </span>
     <span class='ocr_line' id='line_1_3' title="bbox 228 436 1120 509; baseline 0 -16"><span class='ocrx_word' id='word_1_12' title='bbox 228 437 321 507; x_wconf 90' lang='lat' dir='ltr'><strong>cedis,</strong></span> <span class='ocrx_word' id='word_1_13' title='bbox 341 444 376 494; x_wconf 92' lang='lat' dir='ltr'><strong>ut</strong></span> <span class='ocrx_word' id='word_1_14' title='bbox 398 437 503 494; x_wconf 88' lang='lat' dir='ltr'><strong>dicant</strong></span> <span class='ocrx_word' id='word_1_15' title='bbox 525 441 661 495; x_wconf 92' lang='lat' dir='ltr'><strong>omnium</strong></span> <span class='ocrx_word' id='word_1_16' title='bbox 683 438 831 495; x_wconf 92' lang='lat' dir='ltr'><strong>bonorum</strong></span> <span class='ocrx_word' id='word_1_17' title='bbox 853 442 996 509; x_wconf 86' lang='lat' dir='ltr'><strong>virorum,</strong></span> <span class='ocrx_word' id='word_1_18' title='bbox 1017 436 1052 494; x_wconf 93' lang='lat' dir='ltr'><strong>id</strong></span> <span class='ocrx_word' id='word_1_19' title='bbox 1073 443 1120 494; x_wconf 92' lang='lat' dir='ltr'><strong>est</strong></span> 
     </span>
     <span class='ocr_line' id='line_1_4' title="bbox 228 535 1119 605; baseline 0 -16"><span class='ocrx_word' id='word_1_20' title='bbox 228 536 421 604; x_wconf 89' lang='lat' dir='ltr'><strong>sapientium,</strong></span> <span class='ocrx_word' id='word_1_21' title='bbox 450 535 591 591; x_wconf 91' lang='lat' dir='ltr'><strong>omnibus</strong></span> <span class='ocrx_word' id='word_1_22' title='bbox 619 535 783 591; x_wconf 86' lang='lat' dir='ltr'><strong>virtutibus</strong></span> <span class='ocrx_word' id='word_1_23' title='bbox 810 542 997 605; x_wconf 89' lang='lat' dir='ltr'><strong>ornatorum,</strong></span> <span class='ocrx_word' id='word_1_24' title='bbox 1026 537 1119 589; x_wconf 86' lang='lat' dir='ltr'><strong>vitam</strong></span> 
     </span>
     <span class='ocr_line' id='line_1_5' title="bbox 228 627 1119 701; baseline 0 -17"><span class='ocrx_word' id='word_1_25' title='bbox 228 629 367 685; x_wconf 92' lang='lat' dir='ltr'><strong>omnibus</strong></span> <span class='ocrx_word' id='word_1_26' title='bbox 392 629 529 699; x_wconf 90' lang='lat' dir='ltr'><strong>partibus</strong></span> <span class='ocrx_word' id='word_1_27' title='bbox 554 628 622 700; x_wconf 90' lang='lat' dir='ltr'><strong>plus</strong></span> <span class='ocrx_word' id='word_1_28' title='bbox 646 627 761 688; x_wconf 90' lang='lat' dir='ltr'><strong>habere</strong></span> <span class='ocrx_word' id='word_1_29' title='bbox 786 649 907 701; x_wconf 87' lang='lat' dir='ltr'>semper</span> <span class='ocrx_word' id='word_1_30' title='bbox 930 630 1004 687; x_wconf 92' lang='lat' dir='ltr'><strong>boni</strong></span> <span class='ocrx_word' id='word_1_31' title='bbox 1029 647 1119 699; x_wconf 89' lang='lat' dir='ltr'><strong>quam</strong></span> 
     </span>
     <span class='ocr_line' id='line_1_6' title="bbox 227 722 1120 794; baseline 0.002 -14"><span class='ocrx_word' id='word_1_32' title='bbox 227 722 318 781; x_wconf 88' lang='lat' dir='ltr'><strong>mali?</strong></span> <span class='ocrx_word' id='word_1_33' title='bbox 340 722 416 794; x_wconf 86' lang='lat' dir='ltr'><strong>Quis</strong></span> <span class='ocrx_word' id='word_1_34' title='bbox 430 723 489 781; x_wconf 92' lang='lat' dir='ltr'><strong>hoc</strong></span> <span class='ocrx_word' id='word_1_35' title='bbox 503 724 597 782; x_wconf 88' lang='lat' dir='ltr'><strong>dicit?</strong></span> <span class='ocrx_word' id='word_1_36' title='bbox 619 724 713 784; x_wconf 84' lang='lat' dir='ltr'><strong>Stoici</strong></span> <span class='ocrx_word' id='word_1_37' title='bbox 728 725 852 784; x_wconf 90' lang='lat' dir='ltr'><strong>scilicet.</strong></span> <span class='ocrx_word' id='word_1_38' title='bbox 897 725 1044 793; x_wconf 85' lang='lat' dir='ltr'><strong>Minime3</strong></span> <span class='ocrx_word' id='word_1_39' title='bbox 1066 722 1120 782; x_wconf 88' lang='lat' dir='ltr'><strong>sed</strong></span> 
     </span>
     <span class='ocr_line' id='line_1_7' title="bbox 227 820 1119 892; baseline 0.001 -16"><span class='ocrx_word' id='word_1_40' title='bbox 227 824 279 878; x_wconf 91' lang='lat' dir='ltr'><strong>isti</strong></span> <span class='ocrx_word' id='word_1_41' title='bbox 300 824 357 892; x_wconf 93' lang='lat' dir='ltr'><strong>ipsi</strong></span> <span class='ocrx_word' id='word_1_42' title='bbox 377 825 429 891; x_wconf 91' lang='lat' dir='ltr'><strong>qui</strong></span> <span class='ocrx_word' id='word_1_43' title='bbox 452 820 610 892; x_wconf 85' lang='lat' dir='ltr'><strong>voluptate</strong></span> <span class='ocrx_word' id='word_1_44' title='bbox 634 828 667 878; x_wconf 91' lang='lat' dir='ltr'><strong>et</strong></span> <span class='ocrx_word' id='word_1_45' title='bbox 689 821 794 880; x_wconf 90' lang='lat' dir='ltr'><strong>dolore</strong></span> <span class='ocrx_word' id='word_1_46' title='bbox 817 825 918 879; x_wconf 91' lang='lat' dir='ltr'><strong>omnia</strong></span> <span class='ocrx_word' id='word_1_47' title='bbox 938 826 1119 891; x_wconf 86' lang='lat' dir='ltr'><strong>metiuntur,</strong></span> 
     </span>
     <span class='ocr_line' id='line_1_8' title="bbox 228 915 1119 990; baseline 0.001 -17"><span class='ocrx_word' id='word_1_48' title='bbox 228 935 331 975; x_wconf 92' lang='lat' dir='ltr'><strong>nonne</strong></span> <span class='ocrx_word' id='word_1_49' title='bbox 357 915 490 975; x_wconf 91' lang='lat' dir='ltr'><strong>clamant</strong></span> <span class='ocrx_word' id='word_1_50' title='bbox 514 921 646 988; x_wconf 83' lang='lat' dir='ltr'><strong>sapienti</strong></span> <span class='ocrx_word' id='word_1_51' title='bbox 670 916 738 988; x_wconf 90' lang='lat' dir='ltr'><strong>plus</strong></span> <span class='ocrx_word' id='word_1_52' title='bbox 764 937 886 990; x_wconf 89' lang='lat' dir='ltr'><strong>semper</strong></span> <span class='ocrx_word' id='word_1_53' title='bbox 908 917 1015 976; x_wconf 84' lang='lat' dir='ltr'>adesse</span> <span class='ocrx_word' id='word_1_54' title='bbox 1039 915 1119 989; x_wconf 91' lang='lat' dir='ltr'><strong>quod</strong></span> 
     </span>
     <span class='ocr_line' id='line_1_9' title="bbox 227 1011 1119 1085; baseline 0 -16"><span class='ocrx_word' id='word_1_55' title='bbox 227 1012 303 1070; x_wconf 89' lang='lat' dir='ltr'><strong>velit</strong></span> <span class='ocrx_word' id='word_1_56' title='bbox 316 1032 408 1083; x_wconf 86' lang='lat' dir='ltr'><strong>quam</strong></span> <span class='ocrx_word' id='word_1_57' title='bbox 422 1011 504 1083; x_wconf 92' lang='lat' dir='ltr'><strong>quod</strong></span> <span class='ocrx_word' id='word_1_58' title='bbox 517 1012 614 1070; x_wconf 88' lang='lat' dir='ltr'><strong>nolit?</strong></span> <span class='ocrx_word' id='word_1_59' title='bbox 637 1012 713 1071; x_wconf 90' lang='lat' dir='ltr'><strong>Cum</strong></span> <span class='ocrx_word' id='word_1_60' title='bbox 724 1020 846 1071; x_wconf 87' lang='lat' dir='ltr'><strong>tantum</strong></span> <span class='ocrx_word' id='word_1_61' title='bbox 856 1017 951 1085; x_wconf 82' lang='lat' dir='ltr'><strong>igitur</strong></span> <span class='ocrx_word' id='word_1_62' title='bbox 961 1017 994 1070; x_wconf 87' lang='lat' dir='ltr'><strong>in</strong></span> <span class='ocrx_word' id='word_1_63' title='bbox 1005 1016 1119 1071; x_wconf 90' lang='lat' dir='ltr'><strong>virtute</strong></span> 
     </span>
     <span class='ocr_line' id='line_1_10' title="bbox 227 1097 1120 1181; baseline 0.001 -16"><span class='ocrx_word' id='word_1_64' title='bbox 227 1116 344 1180; x_wconf 91' lang='lat' dir='ltr'><strong>ponant</strong></span> <span class='ocrx_word' id='word_1_65' title='bbox 352 1112 374 1165; x_wconf 91' lang='lat' dir='ltr'><strong>ii</strong></span> <span class='ocrx_word' id='word_1_66' title='bbox 383 1113 434 1180; x_wconf 92' lang='lat' dir='ltr'><strong>qui</strong></span> <span class='ocrx_word' id='word_1_67' title='bbox 443 1107 581 1166; x_wconf 91' lang='lat' dir='ltr'><strong>fatentur</strong></span> <span class='ocrx_word' id='word_1_68' title='bbox 589 1128 622 1167; x_wconf 92' lang='lat' dir='ltr'><strong>se</strong></span> <span class='ocrx_word' id='word_1_69' title='bbox 631 1112 752 1167; x_wconf 89' lang='lat' dir='ltr'><strong>virtutis</strong></span> <span class='ocrx_word' id='word_1_70' title='bbox 761 1129 859 1181; x_wconf 91' lang='lat' dir='ltr'><strong>causa,</strong></span> <span class='ocrx_word' id='word_1_71' title='bbox 869 1097 1120 1181; x_wconf 75' lang='lat' dir='ltr'><strong>nisieauolupta·</strong></span> 
     </span>
     <span class='ocr_line' id='line_1_11' title="bbox 227 1193 1120 1277; baseline 0 -15"><span class='ocrx_word' id='word_1_72' title='bbox 227 1212 293 1262; x_wconf 87' lang='lat' dir='ltr'><strong>tem</strong></span> <span class='ocrx_word' id='word_1_73' title='bbox 304 1193 442 1275; x_wconf 81' lang='lat' dir='ltr'><strong>faceret,1</strong></span> <span class='ocrx_word' id='word_1_74' title='bbox 453 1224 494 1262; x_wconf 91' lang='lat' dir='ltr'><strong>ne</strong></span> <span class='ocrx_word' id='word_1_75' title='bbox 508 1224 632 1262; x_wconf 88' lang='lat' dir='ltr'><strong>manum</strong></span> <span class='ocrx_word' id='word_1_76' title='bbox 646 1204 771 1276; x_wconf 92' lang='lat' dir='ltr'><strong>quidem</strong></span> <span class='ocrx_word' id='word_1_77' title='bbox 783 1225 919 1264; x_wconf 91' lang='lat' dir='ltr'><strong>versuros</strong></span> <span class='ocrx_word' id='word_1_78' title='bbox 930 1205 1033 1276; x_wconf 88' lang='lat' dir='ltr'><strong>fuisse,</strong></span> <span class='ocrx_word' id='word_1_79' title='bbox 1046 1205 1120 1277; x_wconf 92' lang='lat' dir='ltr'><strong>quid</strong></span> 
     </span>
     <span class='ocr_line' id='line_1_12' title="bbox 228 1301 1119 1378; baseline 0.001 -20"><span class='ocrx_word' id='word_1_80' title='bbox 228 1301 328 1359; x_wconf 85' lang='lat' dir='ltr'><strong>facere</strong></span> <span class='ocrx_word' id='word_1_81' title='bbox 343 1320 398 1358; x_wconf 93' lang='lat' dir='ltr'><strong>nos</strong></span> <span class='ocrx_word' id='word_1_82' title='bbox 415 1308 538 1376; x_wconf 86' lang='lat' dir='ltr'><strong>oportet</strong></span> <span class='ocrx_word' id='word_1_83' title='bbox 557 1305 609 1378; x_wconf 89' lang='lat' dir='ltr'><strong>qui</strong></span> <span class='ocrx_word' id='word_1_84' title='bbox 629 1305 764 1373; x_wconf 86' lang='lat' dir='ltr'><strong>quamvis</strong></span> <span class='ocrx_word' id='word_1_85' title='bbox 783 1305 941 1359; x_wconf 86' lang='lat' dir='ltr'><strong>minimam</strong></span> <span class='ocrx_word' id='word_1_86' title='bbox 961 1309 1119 1374; x_wconf 82' lang='lat' dir='ltr'><strong>praestan-</strong></span> 
     </span>
     <span class='ocr_line' id='line_1_13' title="bbox 227 1397 1119 1468; baseline -0.001 -13"><span class='ocrx_word' id='word_1_87' title='bbox 227 1402 303 1455; x_wconf 87' lang='lat' dir='ltr'><strong>tiam</strong></span> <span class='ocrx_word' id='word_1_88' title='bbox 317 1399 410 1453; x_wconf 88' lang='lat' dir='ltr'><strong>animi</strong></span> <span class='ocrx_word' id='word_1_89' title='bbox 427 1397 567 1454; x_wconf 90' lang='lat' dir='ltr'><strong>omnibus</strong></span> <span class='ocrx_word' id='word_1_90' title='bbox 587 1397 674 1454; x_wconf 92' lang='lat' dir='ltr'><strong>bonis</strong></span> <span class='ocrx_word' id='word_1_91' title='bbox 694 1401 825 1468; x_wconf 91' lang='lat' dir='ltr'><strong>corporis</strong></span> <span class='ocrx_word' id='word_1_92' title='bbox 844 1401 963 1456; x_wconf 90' lang='lat' dir='ltr'><strong>anteire</strong></span> <span class='ocrx_word' id='word_1_93' title='bbox 983 1397 1119 1455; x_wconf 92' lang='lat' dir='ltr'><strong>dicamus</strong></span> 
     </span>
     <span class='ocr_line' id='line_1_14' title="bbox 228 1491 1119 1564; baseline 0.001 -15"><span class='ocrx_word' id='word_1_94' title='bbox 228 1500 263 1549; x_wconf 92' lang='lat' dir='ltr'><strong>ut</strong></span> <span class='ocrx_word' id='word_1_95' title='bbox 284 1512 320 1550; x_wconf 88' lang='lat' dir='ltr'><strong>ea</strong></span> <span class='ocrx_word' id='word_1_96' title='bbox 341 1511 381 1550; x_wconf 94' lang='lat' dir='ltr'><strong>ne</strong></span> <span class='ocrx_word' id='word_1_97' title='bbox 402 1495 434 1548; x_wconf 92' lang='lat' dir='ltr'><strong>in</strong></span> <span class='ocrx_word' id='word_1_98' title='bbox 455 1499 621 1563; x_wconf 87' lang='lat' dir='ltr'><strong>conspectu</strong></span> <span class='ocrx_word' id='word_1_99' title='bbox 643 1491 768 1563; x_wconf 89' lang='lat' dir='ltr'><strong>quidem</strong></span> <span class='ocrx_word' id='word_1_100' title='bbox 790 1491 1021 1564; x_wconf 81' lang='lat' dir='ltr'><strong>relinquantur?</strong></span> <span class='ocrx_word' id='word_1_101' title='bbox 1044 1491 1119 1564; x_wconf 87' lang='lat' dir='ltr'><strong>Quis</strong></span> 
     </span>
     <span class='ocr_line' id='line_1_15' title="bbox 229 1586 1119 1659; baseline -0.001 -13"><span class='ocrx_word' id='word_1_102' title='bbox 229 1595 276 1646; x_wconf 92' lang='lat' dir='ltr'><strong>est</strong></span> <span class='ocrx_word' id='word_1_103' title='bbox 291 1591 373 1644; x_wconf 91' lang='lat' dir='ltr'><strong>enim</strong></span> <span class='ocrx_word' id='word_1_104' title='bbox 387 1590 439 1658; x_wconf 90' lang='lat' dir='ltr'><strong>qui</strong></span> <span class='ocrx_word' id='word_1_105' title='bbox 453 1586 511 1646; x_wconf 89' lang='lat' dir='ltr'><strong>hoc</strong></span> <span class='ocrx_word' id='word_1_106' title='bbox 526 1586 635 1645; x_wconf 89' lang='lat' dir='ltr'><strong>cadere</strong></span> <span class='ocrx_word' id='word_1_107' title='bbox 649 1591 681 1644; x_wconf 91' lang='lat' dir='ltr'><strong>in</strong></span> <span class='ocrx_word' id='word_1_108' title='bbox 696 1591 866 1659; x_wconf 80' lang='lat' dir='ltr'><strong>sapientem</strong></span> <span class='ocrx_word' id='word_1_109' title='bbox 879 1587 983 1646; x_wconf 88' lang='lat' dir='ltr'><strong>dicere</strong></span> <span class='ocrx_word' id='word_1_110' title='bbox 997 1588 1119 1657; x_wconf 87' lang='lat' dir='ltr'><strong>audeat,</strong></span> 
     </span>
     <span class='ocr_line' id='line_1_16' title="bbox 228 1683 1119 1754; baseline -0.002 -13"><span class='ocrx_word' id='word_1_111' title='bbox 228 1690 264 1741; x_wconf 92' lang='lat' dir='ltr'><strong>ut</strong></span> <span class='ocrx_word' id='word_1_112' title='bbox 285 1687 310 1740; x_wconf 93' lang='lat' dir='ltr'><strong>si</strong></span> <span class='ocrx_word' id='word_1_113' title='bbox 333 1683 398 1741; x_wconf 90' lang='lat' dir='ltr'><strong>fieri</strong></span> <span class='ocrx_word' id='word_1_114' title='bbox 420 1687 516 1754; x_wconf 89' lang='lat' dir='ltr'><strong>possit</strong></span> <span class='ocrx_word' id='word_1_115' title='bbox 534 1687 680 1740; x_wconf 88' lang='lat' dir='ltr'><strong>virtutem</strong></span> <span class='ocrx_word' id='word_1_116' title='bbox 699 1687 732 1740; x_wconf 91' lang='lat' dir='ltr'><strong>in</strong></span> <span class='ocrx_word' id='word_1_117' title='bbox 751 1690 934 1754; x_wconf 83' lang='lat' dir='ltr'><strong>perpetuum</strong></span> <span class='ocrx_word' id='word_1_118' title='bbox 953 1684 1066 1741; x_wconf 89' lang='lat' dir='ltr'><strong>abiciat</strong></span> <span class='ocrx_word' id='word_1_119' title='bbox 1084 1689 1119 1741; x_wconf 90' lang='lat' dir='ltr'><strong>ut</strong></span> 
     </span>
     <span class='ocr_line' id='line_1_17' title="bbox 229 1767 1119 1851; baseline -0.001 -15"><span class='ocrx_word' id='word_1_120' title='bbox 229 1779 332 1836; x_wconf 91' lang='lat' dir='ltr'><strong>dolore</strong></span> <span class='ocrx_word' id='word_1_121' title='bbox 347 1782 429 1836; x_wconf 88' lang='lat' dir='ltr'><strong>omni</strong></span> <span class='ocrx_word' id='word_1_122' title='bbox 449 1777 615 1836; x_wconf 81' lang='lat' dir='ltr'><strong>liberetur?</strong></span> <span class='ocrx_word' id='word_1_123' title='bbox 646 1777 721 1849; x_wconf 87' lang='lat' dir='ltr'><strong>Quis</strong></span> <span class='ocrx_word' id='word_1_124' title='bbox 740 1786 878 1836; x_wconf 90' lang='lat' dir='ltr'><strong>nostrum</strong></span> <span class='ocrx_word' id='word_1_125' title='bbox 898 1779 1011 1837; x_wconf 88' lang='lat' dir='ltr'><strong>dixerit</strong></span> <span class='ocrx_word' id='word_1_126' title='bbox 1030 1767 1119 1851; x_wconf 92' lang='lat' dir='ltr'><strong>(quos</strong></span> 
     </span>
     <span class='ocr_line' id='line_1_18' title="bbox 228 1863 1119 1947; baseline 0.001 -14"><span class='ocrx_word' id='word_1_127' title='bbox 228 1895 290 1933; x_wconf 92' lang='lat' dir='ltr'><strong>non</strong></span> <span class='ocrx_word' id='word_1_128' title='bbox 304 1874 402 1945; x_wconf 89' lang='lat' dir='ltr'><strong>pudet</strong></span> <span class='ocrx_word' id='word_1_129' title='bbox 416 1894 452 1932; x_wconf 87' lang='lat' dir='ltr'><strong>ea</strong></span> <span class='ocrx_word' id='word_1_130' title='bbox 467 1893 544 1946; x_wconf 87' lang='lat' dir='ltr'><strong>quae</strong></span> <span class='ocrx_word' id='word_1_131' title='bbox 559 1874 653 1933; x_wconf 92' lang='lat' dir='ltr'><strong>Stoici</strong></span> <span class='ocrx_word' id='word_1_132' title='bbox 667 1894 774 1947; x_wconf 85' lang='lat' dir='ltr'><strong>aspera</strong></span> <span class='ocrx_word' id='word_1_133' title='bbox 784 1875 892 1934; x_wconf 89' lang='lat' dir='ltr'><strong>dicunt</strong></span> <span class='ocrx_word' id='word_1_134' title='bbox 902 1874 982 1932; x_wconf 89' lang='lat' dir='ltr'><strong>mala</strong></span> <span class='ocrx_word' id='word_1_135' title='bbox 992 1863 1119 1945; x_wconf 87' lang='lat' dir='ltr'><strong>dicere),</strong></span> 
     </span>
     <span class='ocr_line' id='line_1_19' title="bbox 228 1969 1118 2043; baseline 0 -16"><span class='ocrx_word' id='word_1_136' title='bbox 228 1970 336 2028; x_wconf 92' lang='lat' dir='ltr'><strong>melius</strong></span> <span class='ocrx_word' id='word_1_137' title='bbox 360 1989 426 2028; x_wconf 90' lang='lat' dir='ltr'><strong>esse</strong></span> <span class='ocrx_word' id='word_1_138' title='bbox 450 1974 582 2041; x_wconf 89' lang='lat' dir='ltr'><strong>turpiter</strong></span> <span class='ocrx_word' id='word_1_139' title='bbox 604 1969 719 2040; x_wconf 91' lang='lat' dir='ltr'><strong>aliquid</strong></span> <span class='ocrx_word' id='word_1_140' title='bbox 742 1969 842 2029; x_wconf 88' lang='lat' dir='ltr'><strong>facere</strong></span> <span class='ocrx_word' id='word_1_141' title='bbox 868 1991 938 2028; x_wconf 90' lang='lat' dir='ltr'><strong>cum</strong></span> <span class='ocrx_word' id='word_1_142' title='bbox 960 1970 1118 2043; x_wconf 89' lang='lat' dir='ltr'><strong>voluptate</strong></span> 
     </span>
    </p>

    <p class='ocr_par' dir='ltr' id='par_1_3' title="bbox 167 2065 1120 2907">
     <span class='ocr_line' id='line_1_20' title="bbox 167 2065 1118 2138; baseline 0.001 -15"><span class='ocrx_word' id='word_1_143' title='bbox 167 2073 206 2133; x_wconf 79' lang='lat'><strong>94</strong></span> <span class='ocrx_word' id='word_1_144' title='bbox 228 2086 319 2138; x_wconf 87' lang='lat' dir='ltr'><strong>quam</strong></span> <span class='ocrx_word' id='word_1_145' title='bbox 333 2065 462 2124; x_wconf 90' lang='lat' dir='ltr'><strong>honeste</strong></span> <span class='ocrx_word' id='word_1_146' title='bbox 477 2085 547 2124; x_wconf 92' lang='lat' dir='ltr'><strong>cum</strong></span> <span class='ocrx_word' id='word_1_147' title='bbox 561 2065 685 2124; x_wconf 86' lang='lat' dir='ltr'><strong>dolore?</strong></span> <span class='ocrx_word' id='word_1_148' title='bbox 728 2066 824 2124; x_wconf 92' lang='lat' dir='ltr'><strong>Nobis</strong></span> <span class='ocrx_word' id='word_1_149' title='bbox 844 2066 1047 2126; x_wconf 86' lang='lat' dir='ltr'><strong>Heracleotes</strong></span> <span class='ocrx_word' id='word_1_150' title='bbox 1066 2067 1118 2126; x_wconf 92' lang='lat' dir='ltr'><strong>ille</strong></span> 
     </span>
     <span class='ocr_line' id='line_1_21' title="bbox 230 2161 1118 2235; baseline 0.001 -15"><span class='ocrx_word' id='word_1_151' title='bbox 230 2163 393 2233; x_wconf 91' lang='lat' dir='ltr'><strong>Dionysius</strong></span> <span class='ocrx_word' id='word_1_152' title='bbox 407 2161 555 2233; x_wconf 81' lang='lat' dir='ltr'><strong>flagitiose</strong></span> <span class='ocrx_word' id='word_1_153' title='bbox 570 2161 733 2220; x_wconf 89' lang='lat' dir='ltr'><strong>descivisse</strong></span> <span class='ocrx_word' id='word_1_154' title='bbox 747 2162 870 2220; x_wconf 91' lang='lat' dir='ltr'><strong>videtur</strong></span> <span class='ocrx_word' id='word_1_155' title='bbox 888 2182 906 2219; x_wconf 89' lang='lat' dir='ltr'><strong>a</strong></span> <span class='ocrx_word' id='word_1_156' title='bbox 923 2162 1033 2221; x_wconf 90' lang='lat' dir='ltr'><strong>Stoicis</strong></span> <span class='ocrx_word' id='word_1_157' title='bbox 1050 2183 1118 2235; x_wconf 89' lang='lat' dir='ltr'><strong>pro-</strong></span> 
     </span>
     <span class='ocr_line' id='line_1_22' title="bbox 228 2256 1120 2330; baseline 0.001 -15"><span class='ocrx_word' id='word_1_158' title='bbox 228 2266 297 2330; x_wconf 89' lang='lat' dir='ltr'><strong>pter</strong></span> <span class='ocrx_word' id='word_1_159' title='bbox 311 2256 466 2315; x_wconf 93' lang='lat' dir='ltr'><strong>oculorum</strong></span> <span class='ocrx_word' id='word_1_160' title='bbox 480 2258 623 2316; x_wconf 92' lang='lat' dir='ltr'><strong>dolorem.</strong></span> <span class='ocrx_word' id='word_1_161' title='bbox 669 2256 762 2328; x_wconf 84' lang='lat' dir='ltr'><strong>Quasi</strong></span> <span class='ocrx_word' id='word_1_162' title='bbox 776 2278 848 2316; x_wconf 91' lang='lat' dir='ltr'><strong>vero</strong></span> <span class='ocrx_word' id='word_1_163' title='bbox 862 2258 920 2316; x_wconf 90' lang='lat' dir='ltr'><strong>hoc</strong></span> <span class='ocrx_word' id='word_1_164' title='bbox 934 2258 1092 2319; x_wconf 84' lang='lat' dir='ltr'><strong>didicisset</strong></span> <span class='ocrx_word' id='word_1_165' title='bbox 1102 2280 1120 2316; x_wconf 87' lang='lat' dir='ltr'><strong>a</strong></span> 
     </span>
     <span class='ocr_line' id='line_1_23' title="bbox 229 2353 1118 2425; baseline 0.002 -14"><span class='ocrx_word' id='word_1_166' title='bbox 229 2354 361 2425; x_wconf 92' lang='lat' dir='ltr'><strong>Zenone,</strong></span> <span class='ocrx_word' id='word_1_167' title='bbox 387 2373 449 2411; x_wconf 92' lang='lat' dir='ltr'><strong>non</strong></span> <span class='ocrx_word' id='word_1_168' title='bbox 474 2353 577 2412; x_wconf 91' lang='lat' dir='ltr'><strong>dolere</strong></span> <span class='ocrx_word' id='word_1_169' title='bbox 603 2373 672 2411; x_wconf 90' lang='lat' dir='ltr'><strong>cum</strong></span> <span class='ocrx_word' id='word_1_170' title='bbox 697 2353 830 2413; x_wconf 87' lang='lat' dir='ltr'><strong>doleret!</strong></span> <span class='ocrx_word' id='word_1_171' title='bbox 875 2353 956 2412; x_wconf 91' lang='lat' dir='ltr'><strong>Illud</strong></span> <span class='ocrx_word' id='word_1_172' title='bbox 980 2355 1118 2413; x_wconf 85' lang='lat' dir='ltr'><strong>audierat</strong></span> 
     </span>
     <span class='ocr_line' id='line_1_24' title="bbox 227 2449 1118 2524; baseline 0.002 -17"><span class='ocrx_word' id='word_1_173' title='bbox 227 2470 286 2509; x_wconf 89' lang='lat' dir='ltr'><strong>nec</strong></span> <span class='ocrx_word' id='word_1_174' title='bbox 299 2456 404 2507; x_wconf 87' lang='lat' dir='ltr'><strong>tamen</strong></span> <span class='ocrx_word' id='word_1_175' title='bbox 415 2449 573 2520; x_wconf 85' lang='lat' dir='ltr'><strong>didicerat,</strong></span> <span class='ocrx_word' id='word_1_176' title='bbox 584 2449 697 2507; x_wconf 88' lang='lat' dir='ltr'><strong>malum</strong></span> <span class='ocrx_word' id='word_1_177' title='bbox 708 2450 785 2507; x_wconf 90' lang='lat' dir='ltr'><strong>illud</strong></span> <span class='ocrx_word' id='word_1_178' title='bbox 795 2469 858 2507; x_wconf 92' lang='lat' dir='ltr'><strong>non</strong></span> <span class='ocrx_word' id='word_1_179' title='bbox 869 2470 934 2508; x_wconf 89' lang='lat' dir='ltr'><strong>esse</strong></span> <span class='ocrx_word' id='word_1_180' title='bbox 946 2455 1018 2521; x_wconf 89' lang='lat' dir='ltr'><strong>quia</strong></span> <span class='ocrx_word' id='word_1_181' title='bbox 1028 2459 1118 2524; x_wconf 89' lang='lat' dir='ltr'><strong>turpe</strong></span> 
     </span>
     <span class='ocr_line' id='line_1_25' title="bbox 226 2533 1118 2620; baseline 0.001 -16"><span class='ocrx_word' id='word_1_182' title='bbox 226 2566 289 2604; x_wconf 92' lang='lat' dir='ltr'><strong>non</strong></span> <span class='ocrx_word' id='word_1_183' title='bbox 309 2554 400 2618; x_wconf 88' lang='lat' dir='ltr'><strong>esset,</strong></span> <span class='ocrx_word' id='word_1_184' title='bbox 416 2553 448 2604; x_wconf 91' lang='lat' dir='ltr'><strong>et</strong></span> <span class='ocrx_word' id='word_1_185' title='bbox 468 2533 551 2604; x_wconf 77' lang='lat' dir='ltr'><strong>esse²</strong></span> <span class='ocrx_word' id='word_1_186' title='bbox 571 2545 733 2604; x_wconf 90' lang='lat' dir='ltr'><strong>ferendum</strong></span> <span class='ocrx_word' id='word_1_187' title='bbox 751 2551 823 2605; x_wconf 92' lang='lat' dir='ltr'><strong>viro.</strong></span> <span class='ocrx_word' id='word_1_188' title='bbox 869 2546 932 2604; x_wconf 91' lang='lat' dir='ltr'><strong>Hic</strong></span> <span class='ocrx_word' id='word_1_189' title='bbox 950 2550 976 2605; x_wconf 90' lang='lat' dir='ltr'><strong>si</strong></span> <span class='ocrx_word' id='word_1_190' title='bbox 997 2546 1118 2620; x_wconf 84' lang='lat' dir='ltr'><strong>Peripa·</strong></span> 
     </span>
     <span class='ocr_line' id='line_1_26' title="bbox 227 2641 1119 2715; baseline 0.002 -15"><span class='ocrx_word' id='word_1_191' title='bbox 227 2647 339 2700; x_wconf 90' lang='lat' dir='ltr'><strong>teticus</strong></span> <span class='ocrx_word' id='word_1_192' title='bbox 354 2641 472 2713; x_wconf 84' lang='lat' dir='ltr'><strong>fuisset,</strong></span> <span class='ocrx_word' id='word_1_193' title='bbox 486 2645 712 2714; x_wconf 90' lang='lat' dir='ltr'><strong>permansisset,</strong></span> <span class='ocrx_word' id='word_1_194' title='bbox 727 2642 829 2712; x_wconf 89' lang='lat' dir='ltr'><strong>credo,</strong></span> <span class='ocrx_word' id='word_1_195' title='bbox 843 2646 876 2699; x_wconf 91' lang='lat' dir='ltr'><strong>in</strong></span> <span class='ocrx_word' id='word_1_196' title='bbox 889 2647 1055 2715; x_wconf 85' lang='lat' dir='ltr'><strong>sententia,</strong></span> <span class='ocrx_word' id='word_1_197' title='bbox 1066 2648 1119 2715; x_wconf 92' lang='lat' dir='ltr'><strong>qui</strong></span> 
     </span>
     <span class='ocr_line' id='line_1_27' title="bbox 226 2737 1120 2810; baseline 0.002 -14"><span class='ocrx_word' id='word_1_198' title='bbox 226 2738 363 2796; x_wconf 89' lang='lat' dir='ltr'><strong>dolorem</strong></span> <span class='ocrx_word' id='word_1_199' title='bbox 376 2737 491 2795; x_wconf 91' lang='lat' dir='ltr'><strong>malum</strong></span> <span class='ocrx_word' id='word_1_200' title='bbox 505 2737 612 2796; x_wconf 85' lang='lat' dir='ltr'><strong>dicunt</strong></span> <span class='ocrx_word' id='word_1_201' title='bbox 624 2757 701 2810; x_wconf 91' lang='lat' dir='ltr'><strong>esse,</strong></span> <span class='ocrx_word' id='word_1_202' title='bbox 712 2738 751 2797; x_wconf 92' lang='lat' dir='ltr'><strong>de</strong></span> <span class='ocrx_word' id='word_1_203' title='bbox 762 2742 926 2810; x_wconf 89' lang='lat' dir='ltr'><strong>asperitate</strong></span> <span class='ocrx_word' id='word_1_204' title='bbox 937 2745 1042 2797; x_wconf 89' lang='lat' dir='ltr'><strong>autem</strong></span> <span class='ocrx_word' id='word_1_205' title='bbox 1053 2744 1120 2798; x_wconf 89' lang='lat' dir='ltr'><strong>eius</strong></span> 
     </span>
     <span class='ocr_line' id='line_1_28' title="bbox 226 2833 1118 2907; baseline 0.003 -16"><span class='ocrx_word' id='word_1_206' title='bbox 226 2833 347 2892; x_wconf 84' lang='lat' dir='ltr'><strong>fortiter</strong></span> <span class='ocrx_word' id='word_1_207' title='bbox 360 2833 488 2892; x_wconf 86' lang='lat' dir='ltr'><strong>ferenda</strong></span> <span class='ocrx_word' id='word_1_208' title='bbox 501 2838 693 2907; x_wconf 88' lang='lat' dir='ltr'><strong>praecipiunt</strong></span> <span class='ocrx_word' id='word_1_209' title='bbox 707 2833 825 2905; x_wconf 92' lang='lat' dir='ltr'><strong>eadem,</strong></span> <span class='ocrx_word' id='word_1_210' title='bbox 836 2853 914 2906; x_wconf 90' lang='lat' dir='ltr'><strong>quae</strong></span> <span class='ocrx_word' id='word_1_211' title='bbox 929 2833 1032 2893; x_wconf 89' lang='lat' dir='ltr'><strong>Stoici.</strong></span> <span class='ocrx_word' id='word_1_212' title='bbox 1077 2835 1118 2894; x_wconf 90' lang='lat' dir='ltr'><strong>Et</strong></span> 
     </span>
    </p>
   </div>
   <div class='ocr_carea' id='block_1_3' title="bbox 228 2956 1118 3091">
    <p class='ocr_par' dir='ltr' id='par_1_4' title="bbox 228 2956 1118 3091">
     <span class='ocr_line' id='line_1_29' title="bbox 256 2956 1118 3025; baseline 0.002 -16"><span class='ocrx_word' id='word_1_213' title='bbox 256 2959 266 2991; x_wconf 87' lang='lat'>¹</span> <span class='ocrx_word' id='word_1_214' title='bbox 267 2961 374 3025; x_wconf 83' lang='lat' dir='ltr'><strong>faceret</strong></span> <span class='ocrx_word' id='word_1_215' title='bbox 384 2956 548 3020; x_wconf 82' lang='lat' dir='ltr'><strong>Mikkelsen,</strong></span> <span class='ocrx_word' id='word_1_216' title='bbox 563 2961 673 3019; x_wconf 59' lang='lat' dir='ltr'><strong>Manen</strong></span> <span class='ocrx_word' id='word_1_217' title='bbox 691 2962 788 3011; x_wconf 84' lang='lat' dir='ltr'><strong>acciret</strong></span> <span class='ocrx_word' id='word_1_218' title='bbox 799 2960 845 3010; x_wconf 88' lang='lat' dir='ltr'><strong>inf.</strong></span> <span class='ocrx_word' id='word_1_219' title='bbox 861 2959 951 3020; x_wconf 79' lang='lat' dir='ltr'><strong>MSS..</strong></span> <span class='ocrx_word' id='word_1_220' title='bbox 963 2960 1038 3012; x_wconf 83' lang='lat' dir='ltr'><strong>Mdv.</strong></span> <span class='ocrx_word' id='word_1_221' title='bbox 1053 2962 1118 3011; x_wconf 84' lang='lat' dir='ltr'><strong>with</strong></span> 
     </span>
     <span class='ocr_line' id='line_1_30' title="bbox 228 3026 896 3091; baseline 0.003 -17"><span class='ocrx_word' id='word_1_222' title='bbox 228 3027 307 3076; x_wconf 87' lang='lat' dir='ltr'><strong>mark</strong></span> <span class='ocrx_word' id='word_1_223' title='bbox 319 3027 350 3076; x_wconf 84' lang='lat' dir='ltr'><strong>of</strong></span> <span class='ocrx_word' id='word_1_224' title='bbox 359 3027 514 3090; x_wconf 88' lang='lat' dir='ltr'><strong>corruption</strong></span> <span class='ocrx_word' id='word_1_225' title='bbox 526 3044 532 3084; x_wconf 82' lang='lat'>3</span> <span class='ocrx_word' id='word_1_226' title='bbox 550 3028 687 3091; x_wconf 80' lang='lat' dir='ltr'><strong>voluptate</strong></span> <span class='ocrx_word' id='word_1_227' title='bbox 698 3031 812 3076; x_wconf 84' lang='lat' dir='ltr'><strong>maceret</strong></span> <span class='ocrx_word' id='word_1_228' title='bbox 823 3027 854 3088; x_wconf 88' lang='lat' dir='ltr'><strong>B,</strong></span> <span class='ocrx_word' id='word_1_229' title='bbox 866 3026 896 3076; x_wconf 89' lang='lat' dir='ltr'><strong>E.</strong></span> 
     </span>
    </p>
   </div>
   <div class='ocr_carea' id='block_1_4' title="bbox 260 3091 761 3234">
    <p class='ocr_par' dir='ltr' id='par_1_5' title="bbox 260 3091 761 3234">
     <span class='ocr_line' id='line_1_31' title="bbox 260 3091 761 3152; baseline 0.002 -12"><span class='ocrx_word' id='word_1_230' title='bbox 260 3093 331 3141; x_wconf 69' lang='lat' dir='ltr'><strong>&#39;esse</strong></span> <span class='ocrx_word' id='word_1_231' title='bbox 343 3092 491 3151; x_wconf 86' lang='lat' dir='ltr'><strong>Manutius,</strong></span> <span class='ocrx_word' id='word_1_232' title='bbox 506 3091 592 3152; x_wconf 71' lang='lat' dir='ltr'><strong>ndu,</strong></span> <span class='ocrx_word' id='word_1_233' title='bbox 605 3097 673 3142; x_wconf 83' lang='lat' dir='ltr'><strong>esset</strong></span> <span class='ocrx_word' id='word_1_234' title='bbox 683 3092 761 3141; x_wconf 90' lang='lat' dir='ltr'><strong>MSS.</strong></span> 
     </span>
     <span class='ocr_line' id='line_1_32' title="bbox 309 3174 368 3234; baseline 0 -9"><span class='ocrx_word' id='word_1_235' title='bbox 309 3174 368 3234; x_wconf 81' lang='lat'><strong>498</strong></span> 
     </span>
    </p>
   </div>
   <div class='ocr_carea' id='block_1_5' title="bbox 0 0 1170 3698">
    <p class='ocr_par' dir='ltr' id='par_1_6' title="bbox 0 0 1170 3698">
     <span class='ocr_line' id='line_1_33' title="bbox 0 0 1170 3698; baseline 0 0"><span class='ocrx_word' id='word_1_236' title='bbox 0 0 1170 3698; x_wconf 95' lang='lat' dir='ltr'><strong> </strong></span> 
     </span>
    </p>
   </div>
  </div>
 </body>
</html>
