2332 3698
454 260 605 319 CICERO
629 260 686 317 DE
710 256 879 316 FINIBUS

219 385 368 456 quaedam
383 392 414 442 et
429 388 513 453 quasi
528 382 666 439 involuta
679 385 799 453 aperiri,
814 379 911 438 altera
924 385 1065 452 prompta
1079 386 1114 438 et

219 492 324 557 aperta
339 472 500 552 indicari.¹)
543 483 668 540 Etenim
682 487 825 554 quoniam
839 481 984 540 detractis
998 481 1038 539 de
1057 480 1113 538 ho-

219 591 302 644 mine
318 586 454 643 sensibus
469 585 577 655 reliqui
592 585 669 641 nihil
687 591 743 655 est,
758 603 883 642 necesse
902 590 949 642 est
966 582 1040 654 quid
1058 591 1114 641 aut

220 687 259 746 ad
274 694 413 744 naturam
427 693 480 743 aut
495 693 601 743 contra
614 690 654 743 sit
668 707 686 743 a
697 693 805 743 natura
815 689 880 757 ipsa
890 685 1023 742 iudicari.
1068 683 1114 742 Ea

220 788 294 859 quid
316 792 446 859 percipit
468 795 522 845 aut
544 787 619 859 quid
642 787 765 858 iudicat,
789 807 849 858 quo
874 794 928 844 aut
950 793 1037 858 petat
1059 793 1113 843 aut

161 895 194 946 31
221 889 318 960 fugiat
329 889 453 959 aliquid,
462 896 584 960 praeter
592 888 780 960 voluptatem
793 896 825 945 et
836 887 991 946 dolorem?
1034 886 1114 945 Sunt

220 999 324 1049 autem
349 991 472 1062 quidam
497 1010 514 1047 e
540 995 649 1048 nostris
674 993 726 1061 qui
751 990 827 1047 haec
852 988 992 1047 subtilius
1017 988 1114 1046 velint

221 1087 352 1157 tradere,
365 1094 397 1144 et
411 1094 528 1156 negent
543 1090 615 1144 satis
630 1105 696 1144 esse
711 1085 785 1157 quid
799 1087 914 1143 bonum
925 1089 965 1143 sit
975 1092 1029 1142 aut
1039 1084 1114 1155 quid

221 1182 334 1240 malum
356 1202 446 1240 sensu
468 1182 602 1253 iudicari,
624 1181 679 1240 sed
700 1186 800 1239 animo
824 1185 917 1240 etiam
938 1202 974 1238 ac
996 1184 1113 1239 ratione

221 1278 361 1349 intellegi
375 1298 463 1351 posse
478 1286 512 1335 et
526 1277 715 1349 voluptatem
734 1281 830 1348 ipsam
849 1297 904 1348 per
923 1297 955 1334 se
976 1296 1041 1334 csse
1061 1295 1113 1334 ex-

221 1374 389 1445 petendam
404 1382 436 1430 et
450 1373 586 1430 dolorem
600 1377 699 1444 ipsum
715 1392 770 1444 per
787 1393 819 1430 se
840 1393 905 1431 esse
923 1372 1112 1443 fugiendum.

223 1469 331 1540 ltaque
346 1473 432 1527 aiunt
446 1468 525 1525 hanc
541 1473 624 1539 quasi
643 1468 813 1526 naturalem
830 1477 923 1539 atque
940 1472 1063 1526 insitam
1081 1473 1115 1526 in

222 1569 330 1622 animis
344 1568 454 1621 nostris
469 1568 567 1622 inesse
582 1568 738 1622 notionem
753 1572 789 1622 ut
803 1565 933 1623 alterum
945 1584 1010 1622 esse
1021 1584 1115 1636 appe-

223 1660 362 1730 tendum,
369 1660 498 1717 alterum
508 1660 729 1731 aspernandum
739 1666 912 1718 sentiamus.
931 1660 994 1717 Alii
1002 1667 1116 1732 autem,

224 1758 332 1827 quibus
348 1776 405 1826 ego
419 1760 576 1828 assentior,
591 1777 660 1813 cum
674 1777 692 1813 a
709 1756 894 1828 philosophis
912 1756 1116 1828 compluribus

223 1852 376 1925 permulta
390 1853 531 1911 dicantur
548 1873 601 1910 cur
618 1873 676 1910 nec
693 1852 832 1924 voluptas
849 1857 881 1910 in
898 1854 985 1910 bonis
1002 1857 1042 1910 sit
1058 1872 1115 1911 nu·

223 1949 368 2006 meranda
383 1968 440 2005 nec
454 1954 487 2005 in
501 1947 587 2005 malis
602 1949 697 2019 dolor,
708 1969 770 2006 non
785 1953 961 2007 existimant
975 1956 1116 2020 oportere

223 2048 350 2101 nimium
365 2064 420 2102 nos
434 2063 540 2101 causae
556 2044 718 2115 confidere,
730 2045 784 2103 sed
796 2053 829 2103 et
838 2044 1116 2116 argumentandum

223 2148 256 2197 et
270 2148 409 2198 accurate
424 2140 635 2197 disserendum
650 2149 683 2198 et
697 2142 863 2199 rationibus
881 2144 1058 2212 conquisitis
1074 2140 1115 2198 de

222 2236 379 2306 voluptate
394 2243 427 2293 et
441 2235 545 2293 dolore
560 2237 779 2307 disputandum
793 2244 911 2308 putant.

162 2337 200 2389 32
264 2331 301 2388 Χ.
325 2317 413 2390 “sed
422 2339 457 2389 ut
468 2336 655 2403 perspiciatis
665 2333 747 2391 unde
757 2337 854 2390 omnis
864 2337 922 2391 iste
934 2340 1023 2391 natus
1034 2353 1118 2391 error

222 2431 263 2484 sit
277 2426 465 2498 voluptatem
479 2434 684 2486 accusantium
702 2428 897 2500 doloremque
917 2428 1117 2501 laudantium,

222 2531 320 2581 totam
331 2543 396 2580 rem
407 2528 550 2595 aperiam,
561 2545 657 2596 eaque
668 2530 733 2597 ipsa
747 2545 824 2596 quae
838 2527 878 2582 ab
891 2525 944 2583 illo
957 2530 1117 2584 inventore

222 2624 358 2676 veritatis
374 2626 406 2676 ct
420 2624 505 2690 quasi
522 2621 690 2678 architecto
711 2622 819 2678 beatae
840 2625 920 2678 vitae
943 2621 1025 2678 dicta
1045 2629 1118 2679 sunt

223 2714 387 2785 explicabo.
442 2716 541 2773 Nemo
576 2721 658 2774 enim
693 2721 789 2788 ipsam
822 2716 1012 2789 voluptatem
1047 2723 1118 2788 quia

223 2811 361 2882 voluptas
375 2815 415 2869 sit
429 2819 608 2883 aspernatur
626 2819 679 2869 aut
700 2811 764 2870 odit
786 2819 839 2870 aut
860 2812 949 2884 fugit,
971 2812 1026 2870 sed
1047 2818 1118 2883 quia

223 2915 450 2978 consequuntur
463 2910 566 2978 magni
581 2906 699 2964 dolores
714 2913 831 2979 eosqui
846 2912 963 2966 ratione
980 2908 1117 2980 volupta-

222 3009 286 3060 tem
297 3007 383 3074 sequi
394 3007 543 3062 nesciunt.
560 3004 669 3074 Neque
681 3023 769 3074 porro
778 3008 935 3076 quisquam
945 3012 992 3062 est
1003 3009 1054 3076 qui
1064 3006 1117 3064 do-

283 3136 419 3186 ¹indicari
428 3135 474 3187 ins.
491 3135 565 3196 Ms.;
583 3135 703 3194 iudicari
713 3135 786 3186 Mdv.
802 3137 866 3185 with
879 3138 958 3188 other
970 3137 1048 3187 MSS.

307 3220 345 3271 34
482 3233 485 3236 ⁴
