2332 3698
391 244 541 305 CICERO
564 246 622 303 DE
643 244 812 305 FlNlBUS

158 369 189 424 in
209 368 332 424 homine
352 368 406 424 sed
427 372 459 424 in
481 372 563 424 omni
584 369 716 438 animali,
731 376 767 424 ut
785 374 915 438 appetat
934 371 1051 423 animus

158 483 249 534 agere
264 483 384 534 semper
397 463 512 534 aliquid
527 484 627 534 neque
642 464 704 521 ulla
718 463 898 521 condicione
916 467 1052 534 quietem

158 564 375 630 sempiternam
389 564 484 630 possit
498 565 569 630 pati.
615 560 716 617 Facile
734 567 782 617 est
799 558 856 616 hoc
876 578 1006 616 cernere
1022 561 1051 614 in

158 658 262 726 primis
276 674 438 726 puerorum
453 656 601 713 aetatulis.
647 654 839 728 Quamquam
851 659 936 711 enim
947 672 1051 712 vereor

159 771 199 808 ne
214 755 324 808 nimius
336 755 367 808 in
379 751 436 807 hoc
447 771 562 821 genere
573 751 686 822 videar,
699 760 802 809 tamen
814 770 921 808 omnes
933 757 1051 807 veteres

159 846 341 919 philosophi,
356 851 486 904 maxime
508 852 614 917 nostri,
629 848 668 906 ad
688 846 871 904 incunabula
890 845 1051 913 accedunt,

160 931 259 1014 quod1
280 947 313 999 in
335 947 465 1014 pueritia
488 942 631 1001 facillime
655 963 687 1002 se
713 944 900 1000 arbitrentur
925 949 1051 998 naturae

159 1039 350 1095 voluntatem
375 1058 463 1109 posse
489 1058 680 1108 cognoscere.
726 1039 872 1096 Videmus
897 1042 995 1107 igitur
1019 1042 1053 1092 ut

161 1139 374 1205 conquiescere
389 1154 428 1191 ne
448 1133 580 1191 infantes
600 1135 724 1205 quidem
743 1138 875 1206 possint;
897 1153 967 1190 cum
983 1151 1054 1190 vero

160 1230 284 1302 paulum
304 1238 525 1302 processerunt,
540 1230 707 1288 lusionibus
727 1231 775 1288 vel
794 1230 950 1287 laboriosis
969 1227 1054 1286 dele-

161 1316 292 1397 ctantur,
308 1335 343 1384 ut
360 1346 399 1384 ne
419 1326 594 1384 verberibus
615 1327 738 1397 quidem
758 1327 907 1384 deterreri
926 1329 1053 1396 possint.

161 1424 265 1493 anue
289 1423 438 1493 cupiditas
460 1422 571 1492 agendi
593 1422 708 1492 aliquid
729 1422 879 1480 adulescit
900 1441 962 1478 una
985 1441 1056 1478 cum

162 1518 321 1575 aetatibus.
367 1517 475 1587 Itaque
497 1537 537 1574 ne
559 1522 584 1575 si
605 1519 827 1576 iucundissimis
849 1517 973 1587 quidem
1000 1535 1056 1572 nos

162 1617 285 1673 somniis
302 1633 407 1670 usuros
424 1620 577 1683 putemus
593 1613 792 1685 Endymionis
809 1634 950 1671 somnum
966 1614 1056 1670 nobis

162 1710 289 1767 velimus
304 1710 378 1780 dari,
394 1709 485 1780 idque
501 1712 525 1764 si
540 1709 658 1766 accidat
672 1715 777 1768 mortis
792 1714 887 1767 instar
900 1716 1054 1780 putemus

102 1805 141 1866 56
164 1806 247 1878 Quin
262 1811 355 1863 etiam
370 1808 569 1863 inertissimos
589 1805 737 1876 homines,
752 1810 855 1862 nescio
872 1825 931 1876 qua
950 1809 1056 1875 singu-

162 1903 217 1959 lari
232 1907 369 1987 nequitia
386 1905 550 1976 praeditos,
565 1905 701 1962 videmus
716 1911 820 1960 tamen
836 1909 868 1959 et
882 1920 1008 1972 corpore
1025 1908 1058 1958 et

162 2003 263 2055 animo
277 2002 392 2056 moveri
407 2019 527 2072 semper
547 2009 589 2072 et,
605 2020 673 2058 cum
693 2018 726 2055 re
745 1997 830 2054 nulla
849 1996 1058 2068 impediantur

162 2092 341 2158 necessaria,
352 2095 405 2144 aut
419 2088 570 2146 alveolum
585 2108 709 2162 poscere
723 2095 776 2144 aut
791 2105 937 2157 quaerere
949 2105 1057 2156 quem-

162 2181 244 2249 piam
252 2177 358 2234 ludum
367 2184 421 2233 aut
430 2198 600 2236 sermonem
609 2179 741 2248 aliquem
750 2179 914 2246 requirere,
923 2194 1057 2245 cumque

163 2286 224 2323 non
234 2266 368 2322 habeant
376 2271 524 2336 ingenuas
534 2288 571 2325 ex
581 2269 718 2326 doctrina
724 2265 953 2334 oblectationes,
960 2268 1057 2321 circu-

162 2355 207 2412 los
216 2354 331 2424 aliquos
341 2362 374 2411 et
385 2357 583 2414 sessiunculas
593 2358 767 2413 consectari.
785 2341 852 2410 Ne²
861 2354 977 2410 bestiae
990 2357 1058 2424 qui-

164 2444 235 2501 dem
246 2461 320 2514 quas
329 2442 541 2503 delectationis
551 2466 639 2502 causa
649 2443 866 2512 concludimus,
876 2462 945 2498 cum
955 2447 1058 2513 copio-

165 2538 225 2591 sius
242 2532 363 2589 alantur
380 2552 471 2602 quam
488 2539 513 2592 si
532 2542 635 2592 essent
651 2533 775 2602 liberae,
791 2530 879 2588 facile
897 2534 1059 2601 patiuntur

164 2641 230 2679 sese
242 2625 402 2691 contineri,
413 2631 575 2693 motusque
587 2623 700 2680 solutos
712 2627 744 2678 et
755 2639 847 2690 vagos
856 2640 873 2676 a
881 2626 991 2676 natura
999 2621 1058 2693 sibi

104 2715 141 2773 57
164 2711 295 2767 tributos
309 2715 475 2781 requirimt.
523 2712 630 2782 Itaque
645 2719 681 2767 ut
695 2714 821 2780 quisque
837 2713 952 2780 optime
966 2716 1059 2767 natus

164 2802 383 2869 institutusque
393 2807 450 2870 est,
461 2819 526 2857 esse
538 2805 661 2857 omnino
672 2798 750 2855 nolit
760 2802 793 2854 in
804 2802 866 2855 vita
877 2802 902 2854 si
913 2798 1059 2867 gerendis

165 2891 296 2957 negotiis
307 2889 429 2945 orbatus
440 2894 535 2959 possit
546 2892 740 2960 paratissimis
750 2891 831 2944 vesci
840 2886 1057 2956 voluptatibus.

196 2995 285 3060 ¹qu0d
294 3033 322 3045 ..
342 2997 508 3045 arbitrentur
523 2997 568 3045 inf.
590 2998 680 3056 MSS.,
700 2997 813 3053 Miller;
830 2996 923 3044 others
940 2996 1034 3058 quod.
1051 3032 1057 3045 .

168 3062 353 3119 arbitrantur;
372 3063 437 3125 qui.
453 3098 459 3110 ,
474 3063 640 3111 arbitrentur
652 3063 681 3120 B,
697 3063 728 3121 E,
744 3062 817 3109 Mdv.

202 3128 259 3176 ²Ne
271 3127 317 3176 inf.
333 3128 423 3186 MSS.,
439 3127 525 3184 Mdv.;
542 3129 610 3191 quin
622 3144 655 3176 ne
667 3129 697 3185 Β,
711 3129 779 3191 quin
791 3132 816 3174 te
828 3126 859 3176 E.

250 3202 310 3262 456
