2332 3698
432 207 584 265 CICERO
608 206 665 263 DE
688 205 857 264 FINIBUS

133 335 170 386 58
195 330 303 400 Neque
315 333 398 388 enim
409 333 513 387 civitas
525 333 557 385 in
568 328 718 386 seditione
734 328 823 385 beata
834 346 900 384 esse
914 332 1019 398 potest
1032 343 1090 382 nec

192 430 225 483 in
240 426 389 483 discordia
403 426 594 483 dominorum
609 425 731 490 domus;
751 427 925 494 quominus
940 426 1058 478 animus
1072 441 1091 477 a

194 541 226 579 se
240 526 305 593 ipse
320 521 469 578 dissidens
480 540 642 591 secumque
653 520 826 578 discordans
836 527 959 590 gustare
970 525 1090 589 partem

193 617 287 674 ullam
310 616 442 688 liquidae
464 617 628 688 voluptatis
649 624 682 674 et
701 617 816 674 liberae
836 623 947 688 potest.
993 614 1090 684 Atqui

193 713 400 784 pugnantibus
415 720 448 770 et
468 693 624 770 contrariis
639 712 747 770 studiis
763 711 954 782 consiliisque
969 729 1091 781 semper

193 817 285 867 utens
316 809 393 866 nihil
422 813 519 880 quieti
547 809 661 879 videre,
686 808 763 865 nihil
792 807 948 879 tranquilli
976 813 1088 878 potest.

134 911 172 970 59
195 905 287 976 Quod
308 909 332 963 si
350 909 481 976 corporis
495 906 681 976 gravioribus
696 905 807 962 morbis
823 909 902 961 vitae
918 902 1090 961 iucunditas

194 1000 368 1071 impeditur,
400 1008 514 1070 quanto
549 1005 645 1070 magis
680 1003 774 1056 animi
806 1000 933 1069 morbis¹
950 997 1091 1069 impediri

194 1116 320 1154 necesse
344 1097 405 1154 est!
449 1097 553 1153 Animi
577 1103 680 1153 autem
702 1096 798 1153 morbi
818 1102 889 1152 sunt
907 1094 1091 1166 cupiditates

194 1196 359 1250 immensae
372 1200 404 1250 et
419 1196 524 1250 inanes
539 1193 722 1261 divitiarum,
731 1192 855 1262 gloriae,
866 1191 1090 1261 dominationis

194 1287 423 1345 libidinosarum
438 1292 531 1345 etiam
546 1288 744 1359 voluptatum.
780 1287 943 1345 Accedunt
956 1290 1090 1357 aegritu-

195 1383 292 1454 dines,
308 1384 475 1454 molestiae,
491 1403 650 1454 maerores,
666 1387 718 1454 qui
733 1383 870 1441 exedunt
889 1387 1004 1440 animos
1018 1403 1090 1440 con-

194 1478 361 1548 ficiuntque
384 1484 462 1536 curis
481 1479 639 1536 hominum
658 1499 720 1536 non
741 1480 989 1551 intellegentium
1012 1479 1089 1536 nihil

195 1575 362 1632 dolendum
374 1595 439 1632 esse
450 1580 551 1632 animo
565 1575 646 1645 quod
661 1581 701 1633 sit
714 1596 732 1632 a
743 1576 846 1634 dolore
858 1581 989 1648 corporis
1003 1596 1090 1647 prae*

195 1675 275 1728 senti
290 1669 430 1728 futurove
445 1675 624 1729 seiunctum.
651 1672 718 1729 Nec
729 1677 966 1743 veroquisquam
978 1672 1090 1730 stultus

195 1787 256 1824 non
280 1766 388 1825 horum
410 1769 583 1826 morborum
606 1769 707 1839 aliquo
730 1769 861 1837 laborat;
883 1788 974 1825 nemo
996 1772 1091 1838 igitur

135 1860 174 1920 60
206 1852 339 1921 stultus1
376 1885 438 1921 non
472 1869 570 1922 miser.
613 1866 743 1923 Accedit
772 1869 865 1923 eiiam
893 1885 982 1935 mors
1012 1885 1089 1935 quae

196 1964 280 2029 quasi
300 1979 405 2017 saxum
424 1961 552 2018 Tantalo
570 1981 690 2031 semper
704 1961 878 2032 impendet;
900 1969 966 2018 tum
986 1981 1090 2032 super-

196 2059 290 2125 stitio,
305 2075 364 2125 qua
389 2060 440 2126 qui
464 2064 511 2114 est
534 2058 668 2113 imbutus
691 2062 812 2127 quietus
835 2077 900 2115 esse
924 2077 1089 2128 numquam

196 2158 306 2221 potest.
346 2151 507 2210 Praeterea
522 2154 602 2210 bona
616 2157 782 2225 praeterita
796 2173 858 2210 non
872 2159 1090 2225 meminerunt,

197 2249 406 2316 praesentibus
421 2268 482 2305 non
497 2247 656 2317 fruuntur;
675 2247 777 2306 futura
792 2250 882 2307 modo
900 2257 1089 2321 exspectant,

197 2361 273 2412 quae
289 2346 359 2412 quia
374 2351 457 2400 certa
472 2364 537 2401 esse
552 2364 614 2401 non
628 2352 764 2415 possunt,
776 2344 976 2403 conficiuntur
990 2352 1023 2403 et
1036 2366 1090 2403 an·

160 2489 162 2494 .
196 2456 269 2508 gore
285 2445 317 2495 et
332 2446 432 2506 metu;
454 2444 645 2510 maximeque
661 2445 833 2499 cruciantur
850 2463 919 2499 cum
937 2462 1003 2499 sero
1021 2462 1089 2500 sen-

196 2538 279 2591 tiunt
298 2534 408 2592 frustra
428 2555 460 2592 se
482 2543 535 2592 aut
555 2541 702 2608 pecuniae
718 2537 867 2595 studuisse
883 2546 936 2595 aut
957 2533 1107 2610 imperiis‘

196 2637 249 2686 aut
269 2631 375 2701 opibus
394 2639 448 2689 aut
469 2631 591 2703 gloriae.
637 2633 743 2690 Nullas
763 2639 845 2690 enim
865 2643 1092 2704 consequuntur

197 2724 368 2803 voluptates
391 2747 517 2798 quarum
540 2729 679 2798 potiendi
702 2750 755 2800 spe
778 2729 955 2788 inflammati
979 2730 1092 2790 multos

137 2818 170 2878 61
198 2820 315 2878 labores
330 2841 516 2893 magnosque
532 2833 736 2896 susceperant.
761 2825 840 2883 Ecce
855 2833 959 2883 autem
974 2825 1025 2883 alii
1035 2833 1091 2884 mi-

198 2921 265 2974 nuti
275 2924 307 2974 et
315 2923 743 2993 angusti‚aut0mniasemper
752 2922 1020 2993 despemntesrrut
1028 2944 1091 2980 ma-

283 3084 428 3223 6¹sr‘ultns
440 3091 540 3148 Baiter,
556 3092 662 3150 Mollem
680 3098 718 3142 est
731 3094 802 3142 Mdv.
819 3087 882 3141 witti
896 3094 973 3142 MSS.

305 3173 321 3206 o
