2332 3698
401 225 551 284 CICERO
574 225 631 283 DE
653 225 822 286 FINIBUS

166 350 242 404 erim
255 346 367 417 gradus
382 350 471 404 istam
492 366 558 404 rem
577 367 639 404 non
659 347 772 405 habere
789 368 881 418 quam
901 353 1057 417 virtutem,

105 473 142 524 85
165 470 197 524 in
212 487 271 539 qua
285 471 325 524 sit
339 471 439 538 ipsum
454 471 547 526 etiam
568 468 713 526 beatum!
757 467 826 525 Tibi
846 468 906 526 hoc
927 469 1058 529 incredi-

165 587 227 646 bile
245 588 326 659 quod
343 589 569 656 beatissimum
590 588 683 658 quid?
704 595 793 645 tuum
813 589 986 648 credibile?
1028 590 1059 649 Si

166 712 248 766 enim
262 709 301 767 ad
314 708 461 780 populum
475 728 525 765 me
539 727 637 778 vocas,
652 728 723 766 eum
740 713 792 780 qui
812 713 856 766 ita
870 714 913 768 sit
933 709 1060 769 affectus

167 841 292 899 beatum
314 860 379 899 esse
400 860 566 911 numquam
587 842 747 912 probabis3
771 846 797 900 si
819 842 859 900 ad
880 842 1061 914 prudentes,

167 962 297 1020 alterum
312 961 439 1020 fortasse
454 961 650 1032 dubitabunt,
667 966 747 1020 sitne
762 970 884 1021 tantum
898 967 931 1021 in
946 968 1061 1023 virtute

167 1090 203 1140 ut
228 1102 264 1140 ea
289 1082 420 1154 praediti
444 1083 493 1140 vel
516 1086 549 1139 in
570 1082 737 1141 Phalaridis
761 1090 849 1142 tauro
873 1085 958 1144 beati
981 1089 1062 1155 sint3

167 1204 299 1262 alterum
313 1223 375 1260 non
390 1203 586 1274 dubitabunt,
602 1208 675 1274 quin
690 1212 723 1262 et
738 1204 832 1263 Stoici
847 1211 1062 1266 convenientia

168 1326 225 1383 sibi
239 1324 344 1383 dicant
359 1332 391 1382 et
406 1342 457 1381 vos
471 1329 682 1396 repugnantia.
715 1311 933 1398 ‘Theophrasti
947 1331 1061 1400 igitur,'

167 1449 277 1516 inquit,
293 1431 368 1502 ‘tibi
382 1445 461 1503 liber
475 1444 527 1502 ille
542 1445 645 1516 placet
659 1445 699 1504 de
713 1447 805 1505 beata
818 1448 914 1505 vitai’
944 1447 1062 1509 Tamen

167 1567 341 1623 aberramus
351 1586 370 1622 a
380 1569 544 1637 proposito,
555 1573 588 1625 et
596 1587 637 1625 ne
647 1567 777 1640 longius,
787 1588 917 1640 prorsus,
928 1573 1062 1642 inquam,

107 1686 146 1747 86
170 1688 248 1758 Piso,
271 1691 296 1745 si
319 1691 378 1744 ista
396 1686 476 1743 mala
495 1695 577 1757 sunt,
596 1687 729 1759 placet.'’
773 1674 915 1747 “Nonne
935 1691 1060 1763 igitur,”

168 1812 278 1879 inquit,
293 1793 376 1865 “tibi
387 1808 531 1866 videntur
541 1808 619 1865 mala
628 1808 664 1865 ?'’
691 1794 711 1821 “
721 1809 758 1867 ld
768 1809 917 1882 quaeris,''
927 1815 1061 1883 inquam,

168 1915 226 1986 “in
240 1948 301 1999 quo
312 1936 415 1986 utrum
432 1928 618 1999 respondero
635 1948 736 1987 verses
753 1936 786 1987 te
803 1929 863 1988 huc
882 1937 976 2002 atque
990 1932 1062 1989 illuc

168 2067 294 2107 necesse
309 2048 386 2106 est.’'
418 2034 514 2119 “Quo
529 2048 655 2107 tandem
665 2048 799 2107 modo?’'
816 2055 923 2121 inquit
956 2038 1063 2124 “Quia

168 2175 193 2228 si
208 2169 287 2227 mala
301 2177 382 2240 sunt,
391 2173 416 2226 is
431 2173 484 2240 qui
498 2175 557 2227 erit
568 2173 645 2227 iniis
657 2170 764 2228 beatus
775 2191 837 2228 non
849 2175 926 2240 erit3
947 2177 973 2230 si
982 2173 1062 2230 mala

168 2310 231 2347 non
254 2295 334 2359 sunt,
354 2293 435 2347 iacet
458 2293 555 2346 omnis
578 2293 655 2347 ratio
675 2290 977 2362 Peripateticorum.”
1021 2292 1062 2351 Et

168 2386 222 2468 ille
236 2410 358 2468 ridens:
381 2395 537 2480 “Video’'
558 2415 669 2482 inquit,
685 2397 787 2482 “quid
806 2432 895 2483 agas;
917 2433 957 2470 ne
972 2414 1061 2472 disci-

168 2523 275 2595 pulum
286 2524 434 2582 abducam
442 2522 565 2582 times''
602 2510 677 2582 “Tu
686 2526 787 2596 vero,'’
799 2529 934 2597 inquam,
944 2513 1061 2586 “ducas

168 2637 242 2695 licet
257 2641 282 2695 si
297 2645 460 2709 sequetur;
483 2641 542 2695 erit
556 2641 639 2695 enim
653 2658 773 2696 mecum
788 2643 813 2696 si
827 2647 931 2697 tecum
947 2640 1036 2700 erit’'

212 2751 326 2809 XXIX.
351 2737 458 2810 “Audi
469 2751 592 2822 igitur‚'’
606 2756 715 2823 inquit,
732 2738 848 2821 “Luci3
863 2760 967 2812 tecum
978 2761 1061 2815 enim

141 2877 150 2892 ·
169 2865 245 2922 mihi
259 2864 448 2923 instituenda
462 2868 559 2922 oratio
574 2873 628 2922 est.
663 2866 771 2925 Omnis
785 2871 949 2926 auctoritas
963 2869 1060 2940 philo-

170 2979 303 3050 sophiae,
318 2987 353 3036 ut
367 2983 410 3035 ait
424 2977 662 3050 Theophrastus
678 2984 816 3039 consistit
835 2986 867 3038 in
887 2983 978 3040 beata
998 2989 1061 3042 vita

170 3091 388 3163 comparanda3
410 3092 500 3149 beate
516 3095 597 3149 enim
618 3093 739 3152 vivendi
759 3095 928 3166 cupiditate
943 3101 1059 3157 incensi

254 3181 312 3232 488
