2332 3698
399 208 550 267 CICERO
573 208 630 265 DE
652 207 821 268 FINIBUS
863 224 867 231 “

165 352 226 389 non
241 341 276 389 ut
290 352 344 388 nos
360 351 420 387 non
435 330 649 402 intellegamus
660 349 737 401 quae
753 333 796 388 vis
811 334 851 388 sit
861 333 950 388 istius
960 330 1057 399 verbi,

165 439 218 497 sed
242 447 277 496 ut
299 440 351 496 ille
376 457 430 495 suo
454 458 537 496 more
561 438 712 510 loquatur,
735 445 873 496 nostrum
898 439 1055 511 neglegat.

105 546 143 605 16
165 548 197 606 Si
221 551 303 604 enim
326 546 409 604 idem
433 547 507 604 dicit
531 546 613 618 quod
637 547 854 618 Hieronymus,
876 551 929 618 qui
949 554 1058 606 censet

165 658 316 713 summum
336 655 449 712 bonum
469 674 535 713 esse
556 659 621 712 sine
641 655 703 712 ulla
722 655 865 721 molestia,
876 659 988 726 vivere,
1003 674 1058 714 cur

164 763 280 820 mavult
295 765 396 821 dicere
417 763 605 836 voluptatem
626 784 716 834 quarn
736 768 920 822 vacuitatem
935 763 1057 836 doloris,

164 880 200 930 ut
223 872 275 930 ille
298 872 381 943 facit,
405 877 457 945 qui
481 873 554 943 quid
578 871 660 930 dicat
684 872 858 944 intellegit?
880 877 927 930 sin
952 880 1058 932 autem

165 980 354 1053 voluptatem
368 988 458 1053 putat
472 980 699 1052 adiungendam
710 1001 777 1039 eam
788 1001 865 1052 quae
876 985 916 1040 sit
927 985 959 1039 in
970 989 1057 1040 motu

165 1078 221 1158 (sic
242 1095 324 1148 enim
348 1090 483 1161 appellat
508 1090 586 1146 hanc
612 1089 743 1160 dulcem,
768 1076 819 1148 ‘in
844 1090 949 1162 motu,’
973 1089 1058 1148 illam

165 1199 241 1256 nihil
271 1200 412 1269 dolentis,
441 1184 489 1255 ‘in
518 1187 724 1268 stabilitate'),
746 1198 820 1271 quid
841 1197 962 1256 tendit?
988 1220 1058 1259 cum

166 1309 285 1365 efficere
300 1328 362 1365 non
377 1312 472 1379 possit
485 1315 521 1388 ut
536 1312 675 1378 cuiquam
690 1311 742 1378 qui
756 1311 821 1378 ipse
836 1308 893 1365 sibi
904 1292 996 1366 notus
1007 1313 1057 1381 sit,

167 1415 224 1472 hoc
245 1424 293 1473 est
314 1421 366 1487 qui
387 1436 471 1474 suam
492 1423 633 1473 naturam
654 1435 836 1487 sensumque
857 1421 1058 1488 perspexerit,

167 1528 300 1581 vacuitas
315 1523 425 1581 doloris
441 1532 473 1581 et
487 1523 625 1596 voluptas
636 1523 719 1581 idem
730 1543 796 1582 esse
808 1523 954 1582 videatur.
987 1525 1059 1583 Hoc

169 1638 216 1689 est
237 1636 298 1688 vim
320 1631 436 1702 afferre,
458 1632 621 1703 Torquate,
644 1632 790 1703 sensibus,
812 1639 994 1711 extorquere
1020 1653 1059 1692 ex

117 1786 119 1790 .
168 1744 276 1798 animis
296 1745 485 1811 cognitiones
505 1741 665 1799 verborum
685 1742 793 1811 quibus
815 1741 924 1799 imbuti
945 1760 1057 1812 sumus

168 1846 245 1919 Quis
261 1856 309 1907 est
328 1853 410 1906 enirn
433 1853 484 1920 qui
505 1868 568 1906 non
589 1848 692 1906 videat
713 1849 788 1906 haec
810 1868 875 1906 esse
896 1853 929 1906 in
949 1857 1061 1908 natura

172 1977 272 2014 rerum
287 1959 364 2015 tria?
385 1978 481 2014 unum
496 1977 564 2014 cum
578 1961 610 2014 in
625 1936 788 2029 voluptate
801 1978 913 2028 sumus,
927 1957 1061 2018 alterum

171 2086 239 2122 curn
260 2070 293 2122 in
314 2065 428 2136 dolore,
450 2069 575 2122 tertium
599 2065 656 2123 hoc
679 2071 790 2138 inquo
813 2087 895 2124 nunc
916 2067 1062 2138 equidem
1090 2083 1093 2086 “

171 2194 247 2244 sum,
264 2174 354 2232 credo
369 2179 445 2232 item
460 2194 522 2245 vos,
533 2194 591 2231 nec
605 2179 637 2231 in
652 2174 755 2232 dolore
770 2195 827 2233 nec
842 2180 874 2232 in
885 2175 1061 2248 voluptate;

160 2290 205 2351 ,ut
225 2287 256 2338 in
276 2282 433 2354 voluptate
454 2286 494 2340 sit
513 2287 564 2353 qui
584 2283 735 2355 epuletur,
750 2287 782 2339 in
802 2283 905 2341 dolore
925 2289 977 2356 qui
997 2292 1061 2343 tor-

171 2397 316 2461 queatur:
345 2397 379 2448 tu
405 2399 508 2448 autem
536 2395 618 2449 inter
646 2392 721 2449 baec
747 2400 865 2450 tantam
888 2392 1062 2452 multitudi-

169 2518 241 2556 nem
256 2498 414 2557 hominum
428 2502 621 2558 interiectam
635 2520 698 2557 non
711 2499 795 2558 vides
810 2521 868 2558 nec
879 2500 1062 2562 laetantium

110 2612 146 2670 17
169 2627 227 2664 nec
239 2607 452 2666 dolentium?’'
474 2594 495 2622 “
504 2609 574 2666 Non
585 2608 734 2680 prorsuS,”
746 2613 856 2681 inquit,
868 2595 1062 2683 “omnesque

170 2720 222 2786 qui
237 2721 302 2774 sine
318 2716 422 2775 dolore
437 2722 499 2776 sint
513 2722 545 2774 in
560 2717 726 2790 voluptate,
742 2725 775 2775 et
789 2737 825 2775 ea
841 2717 966 2790 quidem
980 2738 1062 2779 sum-

171 2845 231 2895 ma,
247 2845 312 2883 esse
328 2826 425 2883 dico.”
472 2813 582 2897 “Ergo
596 2831 627 2882 in
639 2826 748 2883 eadem
759 2826 916 2898 voluptate
928 2847 999 2884 eum
1010 2835 1064 2901 qui

167 2959 243 2966 m..-
254 2960 320 2966 .,.-...
336 2961 379 2966 .....
395 2960 616 2967 -.--......-...-.-
745 2959 971 2967 -.κ..-.....“.
988 2961 1064 2974 --,,,,

203 3033 216 3062 ἃ
227 3025 248 3072 Α
260 3025 452 3074 reminiscence
464 3025 496 3074 of
504 3026 549 3073 the
562 3025 661 3073 maxim
679 3025 755 3086 γνῶθι
767 3026 877 3085 σεαυτόν,
894 3024 992 3075 ‘know
1003 3029 1065 3092 thy-

173 3091 243 3149 sels,'
257 3091 393 3139 inscribed
405 3107 439 3140 on
453 3092 498 3139 the
511 3091 608 3154 temple
620 3090 652 3138 of
659 3089 757 3153 Apollo
768 3096 798 3140 at
811 3091 919 3155 Delphi.

254 3165 294 3233 96
