2332 3698
437 250 587 310 CICERO
609 249 668 309 DE
691 250 858 310 FINIBUS

139 369 178 431 46
200 370 241 431 Et
256 378 398 445 quoniam
414 373 521 431 eadem
536 381 644 430 natura
659 372 858 444 cupiditatem
876 376 1017 442 ingenuit
1036 371 1092 429 ho-

199 504 274 555 mini
289 504 352 555 veri
367 497 502 568 videndi,
517 498 597 569 quod
613 498 756 556 facillime
773 505 900 569 apparet
917 517 986 555 cum
1003 502 1091 555 vacui

174 613 178 618 ¹
200 623 278 676 curis
293 623 386 677 etiam
402 618 475 690 quid
490 623 522 674 in
537 619 621 676 caelo
636 619 688 676 fiat
703 623 778 676 scire
792 639 926 689 avemus,
937 618 984 675 his
995 621 1091 676 initiis

199 733 317 791 inducti
332 738 432 790 omnia
443 753 513 791 vera
528 733 691 804 diligimuS,
703 734 734 790 id
749 741 797 790 est
809 732 919 803 fidelia,
932 731 1089 803 simplicia,

200 852 379 919 constantia,
394 856 460 906 tum
475 867 561 918 vana,
573 846 657 918 falsa,
670 846 808 904 fallentia
822 845 950 913 odimus,
961 853 997 903 ut
1008 845 1089 904 frau-

141 979 144 983 ’
198 961 279 1033 dem,
300 967 476 1034 periurium,
498 961 824 1031 malitiam,'iniuriam.
870 960 986 1017 Eadem
1011 965 1089 1018 ratio

198 1076 291 1134 habet
306 1081 337 1133 in
352 1097 384 1134 se
400 1075 544 1148 quiddam
562 1075 696 1146 amplum
716 1083 809 1146 atque
829 1073 1033 1145 magnificum,
1048 1075 1088 1132 ad

198 1191 408 1261 imperandum
422 1194 519 1260 magis
533 1209 624 1261 quam
639 1189 677 1246 ad
695 1188 862 1260 parendum
879 1187 1088 1244 accommoda-

195 1311 272 1374 tum,
288 1309 388 1360 omnia
402 1304 534 1360 humana
549 1323 611 1359 non
625 1302 794 1360 tolerabilia
809 1301 905 1359 solum
921 1301 975 1358 sed
994 1306 1087 1359 etiam

196 1417 274 1474 levia
283 1417 407 1487 ducens,
413 1416 509 1473 altum
516 1415 660 1488 quiddam
667 1424 700 1473 et
711 1415 873 1486 excelsum,
881 1415 1087 1486 nihiltimenS,

135 1535 172 1591 47
197 1535 312 1588 nemini
327 1531 449 1613 cedens,
465 1549 585 1600 semper
602 1533 757 1587 invictum.
803 1531 906 1601 Atque
924 1528 971 1587 his
989 1531 1087 1588 tribus

195 1645 360 1714 generibus
381 1645 579 1701 honestorum
601 1648 724 1715 notatis,
739 1652 880 1714 quartum
902 1648 1039 1714 sequitur
1054 1654 1087 1703 et

196 1761 228 1815 in
244 1758 352 1816 eadem
368 1758 595 1830 pulchritudine
616 1767 649 1816 et
668 1767 774 1830 aptum
795 1778 832 1815 ex
852 1758 912 1815 illis
931 1759 1038 1829 tribuS,
1053 1762 1086 1816 in

196 1893 256 1944 quo
280 1878 361 1931 inest
386 1874 460 1930 ordo
486 1881 518 1930 et
546 1873 721 1930 moderatio.
767 1873 857 1930 Cuius
886 1872 1085 1930 similitudine

195 1995 355 2060 perspecta
370 1992 401 2044 in
417 1987 578 2044 formarum
591 1993 692 2059 specie
703 2009 738 2045 ac
750 1987 911 2057 dignitate,
922 1992 1086 2046 transitum

196 2102 296 2160 estad
311 2102 505 2161 honestatem
520 2103 670 2161 dictorum
690 2111 782 2174 atque
803 2102 960 2160 factorum.
1005 2102 1084 2160 Nam

195 2236 232 2273 ex
247 2217 294 2274 his
309 2218 406 2274 tribus
421 2217 560 2274 laudibus
575 2237 648 2289 quas
663 2225 735 2274 ante
747 2217 820 2286 dixi,
833 2224 864 2273 et
875 2221 1084 2275 temeritatem

195 2329 372 2389 reformidat
387 2339 420 2388 et
434 2351 496 2387 non
510 2330 604 2389 audet
618 2336 757 2402 cuiquam
772 2337 825 2387 aut
842 2330 925 2389 dicto
943 2337 1085 2401 protervo

194 2451 247 2501 aut
262 2443 342 2501 facto
354 2464 474 2515 nocere,
487 2453 668 2516 vereturque
680 2445 845 2516 quidquam
856 2453 909 2503 aut
920 2445 1019 2503 facere
1031 2456 1085 2505 aut

193 2558 294 2630 eloqui
309 2559 390 2630 quod
404 2579 509 2630 parum
525 2560 609 2617 virile
624 2558 770 2617 videatur.

132 2677 170 2727 48
235 2671 299 2728 XV.
324 2658 457 2730 “Habes
467 2674 601 2745 undique
614 2673 767 2744 expletam
779 2680 812 2731 et
823 2673 1000 2744 perfectam,
1009 2672 1083 2731 Tor-

193 2793 295 2856 quate,
307 2785 434 2843 formam
443 2786 622 2857 honestatis
634 2807 711 2858 quae
726 2793 792 2843 tota
806 2793 949 2856 quattuor
964 2786 1010 2844 his
1024 2793 1084 2845 vir-

192 2899 310 2957 tutibus
325 2920 402 2971 quae
416 2920 434 2956 a
448 2908 617 2980 te'quoque
633 2907 884 2957 commemoratae
900 2907 971 2957 sunt
986 2907 1084 2961 conti-

192 3021 290 3070 netur.
336 3013 427 3071 Hanc
442 3033 474 3071 se
489 3013 717 3091 tuusEpicurus
725 3018 854 3071 omnino,
861 3018 998 3083 ignorare
1008 3016 1085 3077 dicit

192 3146 282 3198 quam
291 3136 344 3185 aut
353 3128 474 3199 qualem
484 3146 550 3184 esse
560 3127 656 3184 velint
665 3131 686 3184 ii
696 3131 747 3197 qui
757 3127 917 3186 honestate
933 3149 1084 3192 summum

278 3217 336 3267 134
