2332 3698
464 237 614 296 CICERO
637 237 694 296 DE
718 237 885 297 FlNlBUS

228 379 301 430 gere
325 380 416 431 quam
438 360 478 417 ob
501 379 621 416 causam
644 360 756 423 habeat
778 379 848 417 euru
874 379 966 431 quem
989 359 1121 418 diximus

227 484 321 536 animi
329 484 510 551 appetitum,
520 487 703 551 coeptatque
714 488 746 538 et
755 501 791 538 ea
801 500 879 551 quae
890 488 1016 538 naturae
1026 484 1122 538 sentit

228 608 300 670 apta
320 608 467 671 appetere
489 608 522 659 et
543 599 718 672 propulsare
744 605 902 658 contraria.
933 600 1015 670 Ergo
1037 604 1120 657 omni

229 713 351 769 animali
370 713 447 770 illud
467 713 549 784 quod
568 718 687 785 appetit
707 717 838 785 positum
859 720 907 771 est
927 718 960 770 in
983 733 1019 771 eo
1039 713 1121 784 quod

229 835 355 884 naturae
392 835 441 886 est
476 828 745 886 accommodatum.
799 827 847 885 lta
877 827 944 885 finis
972 828 1120 885 bonorum

230 945 360 1011 exsistit,
380 941 548 999 secundum
571 949 711 999 naturam
734 946 836 998 vivere
858 946 900 1030 sic
921 941 1064 1000 affectum
1086 949 1120 999 ut

230 1059 344 1126 optime
354 1056 429 1113 affici
439 1061 533 1127 possit
541 1055 581 1112 ad
590 1063 791 1126 naturamque
800 1055 1118 1114 accommodatissime.

169 1175 206 1225 25
230 1167 382 1240 Quoniam
401 1179 504 1228 autem
524 1190 577 1227 sua
593 1173 738 1240 cuiusque
757 1174 920 1246 animantis
936 1177 1045 1227 natura
1064 1179 1120 1241 est,

230 1302 354 1340 necesse
365 1292 412 1342 est
421 1285 513 1342 finem
522 1304 643 1355 quoque
654 1288 789 1341 omnium
798 1283 880 1342 hunc
890 1304 955 1342 esse
967 1292 1002 1342 ut
1013 1294 1120 1342 natura

230 1396 389 1467 expleatur
403 1384 493 1465 (nihil
513 1401 596 1455 enim
606 1397 749 1469 prohibet
761 1398 909 1468 quaedam
921 1417 987 1456 esse
999 1406 1032 1455 et
1041 1403 1122 1456 inter

230 1530 262 1567 se
277 1511 457 1567 animalibus
471 1511 595 1582 reliquis
610 1519 643 1568 et
657 1531 727 1568 eum
741 1512 847 1570 bestiis
861 1512 976 1569 homini
988 1531 1121 1569 commu-

230 1628 290 1694 nia,
314 1629 456 1694 quoniam
482 1629 617 1683 omnium
641 1633 689 1682 est
714 1633 822 1683 natura
851 1615 1042 1697 communis),
1066 1629 1122 1686 sed

231 1748 369 1796 extrema
382 1739 434 1796 illa
449 1747 482 1798 et
497 1760 614 1798 summa
628 1760 706 1811 quae
721 1745 892 1812 quaerimus
912 1745 993 1799 inter
1007 1746 1121 1799 anima-

230 1853 305 1911 lium
319 1873 433 1923 genera
447 1853 591 1912 distincta
603 1862 635 1911 et
649 1855 809 1925 dispertita
824 1858 885 1911 sint
901 1862 933 1913 et
945 1874 998 1912 sua
1012 1860 1124 1926 cuique

230 1972 350 2039 propria
364 1976 397 2025 et
412 1968 448 2025 ad
465 1969 497 2026 id
507 1976 579 2040 apta
590 1968 672 2039 quod
684 1972 828 2038 cuiusque
839 1976 948 2026 natura
957 1968 1120 2028 desideret.

169 2080 209 2140 26
231 2081 333 2154 Quare
354 2103 423 2141 cum
443 2083 571 2141 dicimus
589 2084 729 2141 omnibus
748 2083 929 2142 animalibus
950 2092 1122 2142 extremum

230 2216 296 2254 esse
311 2196 479 2254 seeundum
493 2205 633 2255 naturam
648 2201 761 2267 vivere,
775 2216 837 2254 non
852 2201 895 2254 ita
909 2198 1122 2269 accipiendum

232 2317 279 2366 est
301 2313 385 2379 quasi
407 2308 542 2367 dicamus
564 2329 659 2367 unum
681 2329 746 2367 esse
770 2314 906 2367 omnium
930 2319 1123 2381 extremum3

230 2423 285 2480 sed
306 2430 341 2481 ut
363 2427 498 2480 omnium
518 2428 630 2481 artium
651 2432 735 2481 recte
757 2425 817 2482 dici
838 2432 941 2496 potest
960 2422 1122 2484 commun'e

229 2558 295 2596 esse
310 2546 346 2595 ut
359 2542 391 2594 in
405 2537 506 2609 aliqua
520 2543 647 2596 scientia
660 2546 830 2610 versentur,
844 2543 1003 2596 scientiam
1016 2547 1123 2599 autern

229 2633 314 2709 suam
337 2657 482 2723 cuiusque
505 2657 578 2711 artis
601 2672 677 2722 esse,
697 2656 739 2709 sic
762 2671 924 2710 commune
945 2653 1123 2711 animalium

229 2769 365 2823 omnium
380 2766 549 2824 secundum
563 2774 704 2824 naturam
719 2770 830 2850 vivere,
845 2767 899 2824 sed
916 2774 1039 2825 naturas
1054 2787 1122 2826 esse

229 2879 371 2950 diversas,
387 2887 422 2938 ut
435 2880 518 2938 aliud
533 2900 611 2951 equo
626 2850 666 2938 slt
680 2900 697 2938 e
714 2887 832 2950 natura,
847 2879 930 2938 aliud
943 2881 1023 2953 bovi,
1038 2881 1122 2940 aliud

228 2993 354 3066 homini,
364 3002 397 3051 et
408 2999 550 3051 tamenin
558 2995 820 3052 omnibussumma
828 2998 1006 3065 communis,
1013 3002 1046 3052 et
1055 3001 1122 3066 qui-

228 3107 299 3166 dem
318 3127 381 3166 non
400 3108 497 3166 solum
517 3112 549 3165 in
568 3107 748 3166 animalibus
773 3107 828 3167 sed
853 3111 946 3167 etiam
971 3112 1004 3167 in
1028 3110 1123 3170 rebus

312 3199 371 3249 418
