2332 3698
450 221 601 280 CICERO
624 220 681 278 DE
704 218 872 276 FlNlBUS

215 342 357 402 hibentes
365 343 453 401 ludos
463 350 495 400 et
506 362 583 413 quae
595 348 773 413 sequuntur,
782 338 834 395 illa
843 339 951 409 quibus
960 335 1108 395 detractis

216 452 327 510 clamat
350 452 497 523 Epicurus
512 471 544 508 se
558 454 676 508 nescire
696 448 770 521 quid
792 451 831 505 sit
854 448 983 513 bonum;
1004 442 1109 501 adsint

217 564 309 616 etiam
324 559 445 617 formosi
468 561 553 631 pueri
572 562 625 631 qui
642 562 832 624 ministrent3
854 552 1038 626 respondeat
1059 550 1107 608 his

216 672 317 738 vestis,
332 675 503 739 argentum,
519 666 719 736 Corinthium,
733 666 817 723 locus
831 669 906 735 ipse,
920 660 1107 726 aedificium3

215 809 256 817 —
270 775 325 833 hos
349 796 421 847 ergo
444 784 543 834 asotos
566 776 646 832 bene
669 773 794 845 quidem
816 777 917 829 vivere
937 777 990 827 aut
1015 769 1106 825 beate

155 889 193 939 24
215 904 380 956 numquam
395 884 531 942 dixerim.
563 885 609 941 Ex
625 903 683 954 quo
700 883 827 940 efficitur
841 901 902 938 non
917 887 953 937 ut
967 877 1107 948 voluptas

216 1012 255 1050 ne
279 997 319 1050 sit
341 994 489 1064 voluptas,
512 992 566 1050 sed
590 1000 625 1050 ut
647 992 787 1063 voluptas
810 1010 872 1047 non
893 993 932 1046 sit
953 1005 1106 1045 summum

215 1101 337 1158 bonum.
361 1102 427 1159 Nec
445 1101 496 1159 ille
512 1105 563 1172 qui
579 1093 752 1172 Diogenem
767 1099 903 1157 Stoicum
917 1096 1107 1165 adulescens,

216 1218 285 1281 post
295 1218 399 1268 autem
415 1211 594 1267 Panaetium
604 1207 883 1279 audierat‚.Laelius
896 1226 932 1264 eo
944 1205 1043 1262 dictus
1058 1209 1107 1260 est

217 1322 335 1389 sapiens
346 1319 428 1390 quod
439 1339 501 1375 non
512 1317 709 1388 intellegeret
720 1316 793 1387 quid
804 1318 1014 1374 suavissimum
1026 1319 1108 1370 esset

217 1413 287 1492 (nec
310 1430 392 1483 enim
413 1431 550 1497 sequitur
571 1434 607 1483 ut
626 1429 674 1483 cui
694 1445 745 1482 cor
762 1430 859 1497 sapiat
880 1429 909 1482 ei
929 1443 991 1480 non
1011 1424 1109 1492 sapiat

216 1522 359 1604 palatus),
373 1533 428 1591 sed
442 1538 513 1605 quia
526 1537 610 1605 parvi
624 1533 656 1590 id
671 1533 805 1591 duceret.

258 1707 286 1765 Ο
300 1705 434 1778 lapathe,
445 1715 482 1764 ut
492 1711 603 1764 iactare
619 1726 676 1764 nec
692 1726 724 1764 es
739 1711 810 1763 satis
823 1710 963 1777 cognitus
974 1708 1026 1776 qui
1042 1705 1096 1762 sis!

259 1802 296 1859 In
311 1823 370 1874 quo
386 1803 506 1862 Laelius
518 1803 664 1861 clamores
678 1801 771 1873 σοφός
786 1802 838 1859 ille
854 1802 971 1859 solebat

258 1899 368 1970 Edere,
385 1899 569 1971 compellans
583 1904 701 1971 gumias
717 1919 753 1957 ex
769 1898 875 1956 ordine
890 1905 1016 1955 nostros.

218 2069 374 2128 Praeclare
390 2070 521 2141 Laelius,
536 2079 569 2128 et
583 2078 667 2128 recte
682 2068 784 2141 σοφός,
799 2070 935 2141 illudque
952 2089 1038 2127 vere:

260 2228 304 2300 ‘0
318 2242 416 2312 Publi,
426 2262 444 2298 ο
452 2262 573 2314 gurges,
586 2242 717 2313 Galloni,
728 2262 760 2300 es
771 2242 863 2299 homo
873 2243 983 2312 miser‚’
995 2246 1103 2312 inquit.

260 2323 399 2394 ‘Cenasti
413 2341 445 2394 in
461 2342 522 2395 vita
532 2359 697 2410 numquam
709 2340 798 2408 bene,
811 2359 880 2395 cum
892 2342 993 2396 omnia
1003 2343 1035 2395 in
1047 2341 1106 2396 ista

273 2434 430 2490 Consumis
441 2434 547 2505 squilla
556 2442 648 2506 atque
657 2440 832 2506 acipensere
843 2455 912 2492 cum
921 2435 1099 2492 decimano’

218 2605 247 2663 Is
262 2604 338 2664 haec
356 2605 491 2677 loquitur
502 2611 554 2677 qui
568 2610 600 2664 in
615 2607 772 2678 voluptate
787 2607 863 2664 nihil
879 2627 995 2679 ponens
1011 2615 1106 2677 negat

216 2733 286 2770 eum
301 2714 380 2771 bene
396 2734 504 2772 cenare
520 2719 571 2786 qui
591 2720 692 2772 omnia
712 2724 806 2787 ponat
826 2720 858 2773 in
873 2716 1046 2787 voluptate;
1073 2725 1106 2774 et

248 2908 337 2957 aThis
355 2925 475 2973 passage
493 2911 524 2959 ol
538 2911 654 2960 Lucilius
667 2912 689 2960 is
701 2911 810 2960 alluded
828 2917 856 2960 to
874 2911 910 2975 by
923 2912 1032 2960 Horace
1045 2913 1104 2964 Sat.

217 2989 238 3023 2.
254 2991 276 3023 2.
288 2975 329 3037 46,
341 2975 430 3024 where
442 2977 462 3023 it
473 2993 592 3040 appears
604 2979 664 3026 that
676 2977 818 3026 Gallonius
827 2994 885 3026 was
895 2994 930 3026 an
940 2979 1105 3040 auctioneer,

219 3041 356 3088 notorious
374 3041 416 3089 lor
432 3042 536 3106 having
553 3043 711 3091 introduced
729 3044 867 3106 acipenser
881 3042 1025 3108 (sturgeon
1037 3043 1061 3108 P)
1077 3053 1106 3094 to

219 3105 326 3155 Roman
338 3105 434 3156 rables.
682 3108 683 3111 '

302 3189 358 3241 108
