2332 3698
447 229 598 288 CICERO
620 229 678 286 DE
701 227 870 288 FlNlBUS

206 324 328 422 ptatem
357 356 416 408 iam
445 352 565 421 videtis,
590 371 630 408 ne
655 351 768 409 invidia
793 351 877 408 verbi
901 348 1106 407 labefactetur
1148 393 1153 400 .

209 453 305 505 oratio
320 435 413 516 mea.)
456 448 534 504 Nam
549 467 618 504 cum
633 451 823 517 ignoratione
837 466 939 504 rerum
956 446 1105 502 bonarum

210 550 243 600 et
257 543 404 600 malarum
418 546 548 600 maxime
563 543 721 600 hominum
736 547 798 600 vita
812 550 949 612 vexetur,
964 541 1003 598 ob
1018 560 1104 598 eum-

210 658 270 708 que
286 657 418 696 errorem
433 645 466 695 et
477 639 682 710 voluptatibus
694 643 832 697 maximis
843 658 933 710 saepe
945 641 1106 710 priventur

211 741 244 790 et
261 733 427 791 durissimis
444 737 536 790 animi
556 734 709 791 doloribus
728 741 938 805 torqueantur,
954 737 1106 805 sapientia

211 837 258 886 est
280 829 463 900 adhibenda,
484 850 561 901 quae
585 838 618 888 et
640 832 805 889 terroribus
825 830 1105 902 cupiditatibusque

210 924 355 982 detractis
370 933 403 982 et
417 929 553 982 omnium
571 925 713 983 falsarum
731 930 909 997 opinionum
927 928 1106 983 temeritate

210 1019 337 1091 derepta
362 1025 559 1078 certissimam
584 1041 616 1078 se
645 1023 731 1079 nobis
760 1021 869 1079 ducem
898 1022 1044 1093 praebeat
1065 1020 1106 1079 ad

209 1116 406 1187 voluptatem.
451 1117 607 1188 Sapientia
628 1122 710 1174 enim
733 1125 780 1175 est
801 1138 861 1174 una
882 1137 959 1187 quae
981 1121 1106 1175 maesti-

209 1217 284 1269 tiam
303 1213 399 1284 pellat
419 1234 455 1271 ex
476 1218 593 1284 animis,
612 1233 689 1284 quae
710 1233 764 1270 nos
785 1213 998 1272 exhorrescere
1018 1221 1106 1271 metu

210 1329 271 1365 non
296 1314 394 1378 sinat;
421 1330 480 1380 qua
505 1315 712 1381 praeceptrice
739 1315 770 1367 in
796 1310 1019 1381 tranquillitate
1045 1314 1106 1368 vivi

210 1412 321 1474 potest,
333 1409 469 1461 omnium
481 1405 683 1475 cupiditatum
698 1406 804 1463 ardore
819 1409 975 1463 restincto.
1014 1406 1106 1478 Cupi·

210 1499 322 1556 ditates
332 1504 414 1556 enim
425 1508 496 1557 sunt
506 1500 700 1570 insatiabiles,
709 1521 786 1571 quae
796 1522 858 1559 non
868 1501 959 1558 modo
970 1502 1107 1572 singulos

209 1594 348 1652 homines
361 1595 418 1653 sed
432 1600 585 1654 universas
600 1596 727 1654 familias
740 1605 892 1667 evertunt,
903 1604 1000 1654 totam
1012 1602 1107 1656 etiam

149 1697 188 1746 44
210 1690 397 1748 labefactant
414 1711 504 1763 saepe
528 1711 592 1749 rem
612 1692 773 1762 publicam.
819 1693 865 1749 Ex
887 1693 1107 1764 cupiditatibus

210 1787 288 1856 odia,
305 1787 439 1858 discidia,
455 1788 632 1858 discordiae,
645 1788 820 1858 seditioneS,
835 1788 916 1846 bella
930 1796 1105 1847 naseuntur.

211 1884 276 1940 Nec
296 1903 350 1941 eae
370 1904 403 1941 se
423 1883 494 1940 foris
514 1884 611 1940 solum
631 1888 746 1941 iactant
765 1903 823 1941 nec
843 1891 965 1942 tantum
982 1888 1014 1941 in
1032 1881 1107 1943 alios

210 1998 300 2036 caeco
321 1984 439 2051 impetu
461 1984 629 2049 incurrunt,
648 1979 702 2037 sed
724 1985 807 2037 intus
829 1985 922 2037 etiam
944 1986 976 2037 in
997 1985 1107 2040 animis

211 2074 345 2132 inclusae
360 2080 442 2132 inter
457 2095 488 2132 se
504 2074 654 2133 dissident
669 2082 761 2146 atque
776 2077 967 2145 discordant3
990 2096 1028 2134 ex
1046 2097 1107 2148 quo

210 2175 304 2227 vitam
323 2175 538 2229 amarissimam
558 2191 682 2229 necesse
703 2179 751 2229 est
770 2173 856 2242 effici,
872 2180 907 2230 ut
924 2177 1044 2244 sapiens
1058 2193 1106 2230 so-

210 2266 283 2335 lum,
290 2274 447 2337 amputata
456 2272 690 2338 circumcisaque
700 2272 848 2325 inanitate
858 2273 941 2325 omni
952 2276 984 2326 et
993 2288 1106 2341 errore,

210 2369 337 2418 naturae
355 2361 464 2419 tinibus
482 2371 645 2420 contentus
662 2368 727 2421 sine
745 2364 939 2435 aegritudine
958 2368 1053 2435 possit
1073 2373 1107 2423 et

150 2463 188 2513 45
211 2461 276 2514 sine
291 2464 376 2514 metu
391 2461 500 2514 vivere.
546 2457 633 2529 Quae
649 2467 695 2516 est
710 2464 791 2516 enim
809 2466 863 2516 aut
880 2460 984 2517 utilior
999 2467 1052 2518 aut
1067 2461 1107 2518 ad

211 2556 290 2611 bene
302 2553 466 2610 vivendum
482 2558 581 2624 aptior
595 2559 719 2626 partitio
731 2575 821 2626 quam
837 2555 888 2611 illa
903 2575 962 2626 qua
976 2565 1023 2614 est
1034 2577 1107 2615 usus

212 2649 378 2720 Epicurus?
394 2654 445 2721 qui
456 2670 550 2707 unum
561 2669 658 2721 genus
670 2656 771 2722 posuit
786 2672 889 2709 earum
904 2652 1106 2723 cupiditatum

211 2765 288 2816 quae
301 2753 404 2803 essent
418 2753 451 2803 et
464 2746 617 2803 naturales
629 2754 662 2804 et
676 2752 872 2817 necessariae,
884 2748 1015 2805 alterum
1027 2768 1106 2819 quae

211 2834 364 2892 naturales
379 2843 482 2892 essent
496 2855 554 2892 nec
565 2843 669 2893 tamen
680 2841 877 2906 necessariae,
889 2841 1015 2894 tertium
1026 2857 1104 2908 quae

211 2944 269 2982 nec
288 2923 441 2981 naturales
460 2943 518 2981 nec
537 2929 739 2992 necessariae3
761 2944 888 2995 quarum
906 2945 942 2983 ea
958 2929 1035 2983 ratio
1056 2937 1105 2986 est

213 3020 246 3071 ut
260 3017 447 3070 necessariae
461 3032 519 3070 nec
533 3033 625 3084 opera
639 3014 735 3071 multa
744 3034 801 3071 nec
812 3020 949 3086 impensa
960 3015 1104 3086 explean-

216 3109 279 3171 tur3
293 3121 333 3160 ne
343 3101 496 3160 naturales
507 3101 632 3174 quidem
642 3102 739 3160 multa
749 3103 934 3174 desiderant,
943 3111 1105 3176 propterea

295 3192 333 3247 48
