2332 3698
401 228 551 291 CICERO
574 228 631 291 DE
653 228 822 289 FINIBUS

169 360 204 411 ut
219 352 368 411 fortitudo
383 356 415 409 in
428 351 581 410 laboribus
595 351 797 423 periculisque
812 360 973 424 cernatur,
989 361 1062 412 tem·

168 441 308 508 perantia
322 440 354 494 in
368 435 651 507 praetermittendis
665 435 884 507 voluptatibus,
897 437 1061 507 prudentia

169 524 200 578 in
211 520 335 577 delectu
345 520 493 577 bonorum
502 527 535 577 et
544 519 702 588 malorum,
711 522 828 578 iustitia
837 522 871 575 in
883 539 940 577 suo
952 526 1060 592 cuique

169 604 342 661 tribuendo.
395 602 527 674 Quando
551 606 646 673 igitur
670 607 751 660 inest
776 606 808 659 in
833 607 920 661 omni
947 608 1060 663 virtute

169 708 240 745 cura
254 687 404 758 quaedam
418 690 502 757 quasi
517 686 596 743 foras
608 694 749 757 spectans
760 685 897 756 aliosque
908 695 1060 759 appetens

168 779 260 842 atque
275 770 492 842 complectens,
504 773 623 828 exsistit
636 768 723 840 illud,
734 777 769 827 ut
779 773 878 840 amici,
888 777 925 829 ut
939 771 1059 842 fratres,

169 863 205 913 ut
223 858 395 926 propinqui,
410 862 446 911 ut
464 855 576 923 affines,
591 860 627 911 ut
644 857 735 924 cives,
750 860 785 910 ut
802 872 910 910 omnes
924 853 1059 926 denique

169 926 326 1009 (quoniam
345 957 437 994 unam
457 941 636 995 societatem
650 937 807 994 hominum
821 956 889 994 esse
905 925 1059 1006 volumus)

168 1029 294 1093 propter
314 1041 346 1078 se
367 1020 534 1092 expetendi
553 1024 622 1078 sint.
666 1019 763 1091 Atqui
783 1039 888 1077 eorum
910 1021 992 1081 nihil
1014 1029 1059 1081 est

167 1110 233 1163 eius
247 1108 369 1176 generis
383 1111 419 1161 ut
436 1108 476 1161 sit
495 1108 527 1159 in
546 1104 606 1161 fine
625 1111 718 1174 atque
739 1104 1056 1163 extremo-bonorum.

108 1187 146 1247 68
170 1188 219 1246 lta
232 1189 267 1246 fit
283 1196 319 1245 ut
337 1188 398 1245 duo
415 1207 529 1258 genera
548 1194 673 1258 propter
692 1207 725 1245 se
745 1187 993 1258 expetendorum
1012 1209 1058 1246 re·

169 1277 335 1343 periantur,
350 1291 445 1328 unum
459 1271 540 1341 quod
555 1278 603 1328 est
617 1275 649 1327 in
663 1274 699 1328 iis
714 1275 746 1327 in
761 1270 869 1340 quibus
885 1272 1059 1343 completur

168 1356 245 1413 illud
263 1363 444 1424 extremum,
463 1373 539 1424 quae
560 1361 632 1413 sunt
650 1361 704 1411 aut
722 1357 816 1411 animi
834 1361 888 1413 aut
908 1361 1058 1426 corporis;

169 1439 244 1496 haec
258 1446 362 1495 autem
377 1457 454 1506 quae
469 1445 540 1494 sunt
555 1441 752 1507 extrinsecus,
763 1437 794 1494 id
807 1445 854 1495 est
864 1457 943 1508 quae
954 1459 1058 1510 neque
1101 1455 1104 1466 ⁴

168 1527 198 1577 in
211 1525 312 1577 animo
323 1525 539 1590 insuntneque
550 1525 582 1576 in
597 1540 732 1592 corpore,
744 1528 780 1577 ut
789 1525 888 1591 amici,
900 1529 937 1579 ut
946 1542 1058 1593 paren·

169 1613 227 1675 tes,
242 1611 277 1661 ut
296 1604 394 1672 liberi,
413 1610 448 1659 ut
462 1607 633 1674 propinqui,
648 1611 684 1664 ut
703 1608 768 1675 ipsa
786 1608 894 1675 patria,
910 1613 985 1663 sunt
1005 1607 1057 1665 illa

168 1688 293 1758 quidem
312 1707 365 1744 sua
385 1694 494 1758 sponte
514 1706 591 1758 cara,
607 1687 662 1744 sed
681 1688 790 1745 eodem
809 1692 841 1745 in
861 1707 977 1758 genere
996 1709 1057 1760 quo

168 1772 220 1829 illa
239 1791 301 1829 non
320 1778 400 1829 sunt.
445 1771 511 1829 Nec
530 1790 601 1828 vero
616 1790 760 1841 umquam
774 1790 925 1829 summum
940 1773 1057 1831 bonum

167 1860 286 1926 assequi
298 1859 456 1926 quisquam
467 1862 570 1924 posset
580 1859 605 1911 si
616 1857 717 1910 omnia
727 1854 789 1925 illa,
798 1874 876 1925 quae
887 1863 960 1914 sunt
969 1865 1057 1915 extra

168 1959 350 2010 quamquam
365 1937 548 2008 expetenda,
564 1957 681 1995 summo
695 1938 776 1995 bono
790 1942 1034 2002 continerentur.

105 2022 144 2088 69
219 2022 331 2078 XXIV.
365 2008 554 2091 “Quomodo
578 2026 681 2091 igitur,
704 2025 834 2092 inquies,
856 2041 963 2081 verum
988 2043 1056 2082 esse

167 2110 280 2176 poterit
297 2108 398 2163 omnia
416 2104 522 2162 referri
540 2104 580 2161 ad
599 2124 750 2162 summum
769 2106 893 2175 bonum,
909 2111 933 2165 si
952 2112 1056 2165 amici·

166 2194 238 2259 tiae,
261 2193 285 2247 si
310 2193 562 2260 propinquitates,
585 2193 609 2245 si
637 2188 754 2259 reliqua
782 2196 910 2247 externa
937 2209 1057 2249 summo

166 2273 245 2329 bono
260 2291 322 2328 non
337 2273 555 2329 continentur?
598 2272 667 2329 Hac
678 2271 822 2330 videlicet
832 2277 961 2343 ratione,
973 2275 1057 2344 quod

166 2376 202 2413 ea
217 2375 293 2426 quae
309 2362 436 2412 externa
449 2363 522 2413 sunt
534 2359 571 2411 iis
581 2362 703 2412 tuemur
713 2355 815 2413 officiis
826 2375 904 2426 quae
915 2360 1056 2415 oriuntur

165 2460 183 2495 a
197 2459 250 2497 suo
265 2442 409 2510 cuiusque
423 2458 537 2510 genere
552 2441 680 2495 virtutis.
712 2438 790 2495 Nam
805 2446 838 2498 et
851 2443 940 2497 amici
955 2441 1056 2498 cultus

165 2532 198 2581 et
212 2527 347 2594 parentis
362 2526 390 2579 ei
405 2526 456 2593 qui
471 2523 566 2580 officio
584 2522 722 2593 fungitur
741 2526 773 2578 in
793 2543 830 2580 eo
844 2526 909 2594 ipso
929 2524 1056 2594 prodest

165 2607 246 2677 quod
264 2611 307 2664 ita
327 2606 414 2676 fungi
433 2606 528 2663 officio
548 2609 683 2663 inrecte
704 2605 792 2663 factis
812 2613 869 2676 est,
884 2626 962 2677 quae
982 2617 1055 2666 sunt

164 2681 275 2748 ortaa1
290 2691 459 2747 virtutibus.
492 2687 579 2760 Quae
590 2689 713 2759 quidem
721 2693 876 2760 sapientes
883 2699 1055 2760 sequuntur

164 2782 288 2831 utentes
302 2762 475 2844 tamquam²
489 2772 567 2831 duce
581 2780 708 2841 natura3
729 2793 791 2831 non
805 2771 936 2844 perfecti
949 2782 1054 2837 autem

198 2923 230 2974 la
242 2924 362 2974 inserted
374 2924 409 2988 by
423 2923 579 2982 Lambinus,
594 2923 667 2975 Mdv.

198 2990 321 3040 ²utentes
343 2995 482 3052 tamquam
507 2989 580 3036 Mdv.
605 2989 753 3048 brackeis3
779 2995 882 3040 utentes
903 2998 1055 3055 sequuntur

166 3062 305 3134 tanrquom
318 3055 409 3111 MSS.;
423 3055 495 3103 Mdv.
508 3053 576 3122 conj.
589 3055 710 3105 videntes
717 3061 868 3120 sequuntur
876 3057 942 3106 duce
950 3063 1051 3107 natura

165 3139 224 3172 eam
236 3139 319 3173 vum.

245 3203 305 3262 470
