2332 3698
338 227 342 235 ’
443 244 593 304 clcsno
617 244 673 302 ns
697 244 865 305 numus

209 387 286 438 quae
301 367 340 424 ad
353 371 465 424 amicos
480 371 672 438 pertinerent
691 375 841 438 negarent
856 386 922 424 esse
936 386 991 438 per
1005 385 1038 424 se
1053 370 1100 437 ip-

209 483 255 520 sas
270 471 333 520 tam
349 462 538 534 expetendas
552 482 643 533 quam
662 471 780 520 nostras
800 470 1023 534 expeteremus,
1038 482 1100 534 quo

209 559 275 615 loco
289 558 411 615 videtur
425 558 605 629 quibusdam
620 558 768 616 stabilitas
782 563 933 616 amicitiae
947 558 1099 628 vacillare,

209 661 336 711 tuentur
350 662 454 711 tamen
469 674 539 712 eum
553 655 653 713 locum
665 674 758 726 seque
773 655 872 724 facile,
884 663 919 712 ut
929 654 1003 711 mihi
1015 654 1100 712 vide-

209 757 268 820 tur,
289 751 464 822 expediunt.
511 749 555 809 Ut
576 755 657 808 enim
678 755 817 822 virtuteS,
836 751 876 809 de
897 752 1005 822 quibus
1026 758 1100 809 ante

210 845 326 903 dictum
346 854 402 918 est,
417 851 459 905 sic
478 851 642 904 amicitiam
661 855 778 917 negant
797 867 884 918 posse
905 867 923 904 a
942 847 1100 918 voluptate

210 941 375 1000 discedere.
421 944 499 1000 Nam
522 964 591 1000 cum
614 943 746 1000 solitudo
769 951 802 1001 et
824 947 886 1001 vita
910 947 976 1001 sine
995 947 1100 1002 amicis

209 1037 385 1094 insidiarum
400 1046 433 1096 et
446 1046 547 1096 metus
561 1038 652 1109 plena
667 1042 715 1108 sit,
731 1043 807 1096 ratio
822 1043 886 1109 ipsa
905 1046 1011 1096 monet
1025 1043 1100 1097 ami·

209 1136 295 1191 citias
309 1154 492 1205 comparare,
501 1135 610 1205 quibus
621 1138 715 1206 partis
727 1134 920 1192 confirmatur
933 1139 1051 1193 animus
1067 1143 1101 1194 et

208 1250 226 1286 a
250 1249 303 1301 spe
323 1231 537 1302 pariendarum
556 1231 748 1302 voluptatum
768 1233 886 1301 seiungi
906 1251 968 1288 non
987 1239 1099 1303 potest.

91 1366 94 1371 -
148 1322 190 1386 67⁴
210 1325 313 1397 Atque
336 1334 370 1383 ut
392 1326 469 1396 odia,
492 1327 633 1396 invidiae,
655 1326 877 1397 despicationes
901 1327 1101 1385 adversantur

90 1438 92 1442 ·
209 1422 426 1493 voluptatibus,
438 1426 480 1479 sic
490 1427 641 1480 amicitiae
652 1442 714 1479 non
725 1422 815 1480 modo
830 1423 973 1481 fautrices
988 1423 1099 1482 fidelis-

209 1520 302 1574 simae
328 1516 381 1574 sed
411 1521 503 1575 etiam
533 1517 699 1575 effectrices
724 1526 796 1575 sunt
820 1519 1010 1590 voluptatum
1035 1527 1100 1577 tam

123 1651 125 1656 -
208 1617 312 1670 amicis
335 1632 426 1683 quam
449 1613 521 1680 sibi;
551 1614 659 1684 quibus
684 1632 745 1671 non
769 1613 866 1672 solum
889 1615 1100 1685 praesentibus

209 1707 351 1766 fruuntur
365 1708 420 1766 sed
434 1712 527 1766 etiam
538 1728 591 1780 spe
603 1713 761 1780 eriguntur
772 1714 985 1781 consequentis
995 1730 1031 1767 oc
1045 1731 1100 1782 po-

208 1809 282 1862 steri
296 1809 448 1876 temporis.
494 1803 584 1876 Quod
599 1809 669 1876 quia
683 1806 767 1863 nullo
782 1806 872 1863 modo
887 1810 952 1864 sine
967 1809 1100 1864 amicitia

208 1901 324 1958 firmam
340 1909 372 1959 et
387 1909 566 1973 perpetuam
581 1902 803 1959 iucunditatem
819 1905 897 1960 vitae
908 1909 1016 1959 tenere
1030 1922 1099 1974 pos-

186 2048 188 2055 .
209 2016 310 2054 sumus
330 2016 430 2067 neque
445 2017 516 2054 vero
530 2002 626 2068 ipsam
643 2002 806 2055 amicitiam
826 2002 907 2055 tueri
925 2002 982 2055 nisi
1001 2018 1099 2069 aeque

209 2097 319 2150 amicos
331 2101 363 2150 et
374 2100 494 2150 nosmet
502 2097 582 2164 ipsos
588 2093 758 2165 diligamus,
764 2094 876 2151 idcirco
888 2102 921 2152 et
931 2094 989 2151 hoc
999 2098 1099 2165 ipsum

209 2189 335 2246 efficitur
345 2193 376 2245 in
388 2193 520 2246 amicitia
530 2197 563 2247 et
568 2194 700 2247 amicitia
706 2211 775 2248 cum
781 2190 937 2261 voluptate
943 2195 1099 2248 connecti-

208 2290 265 2341 tur.
299 2285 378 2341 Nam
394 2293 426 2342 et
439 2285 587 2343 laetamur
598 2291 761 2344 amicorum
772 2287 889 2344 laetitia
899 2305 996 2357 aeque
1006 2294 1099 2357 atque

147 2377 185 2437 68
208 2387 311 2437 nostra
320 2388 352 2437 et
360 2385 473 2452 pariter
482 2381 619 2440 dolemus
628 2383 798 2453 angoribus
829 2381 978 2453 Quocirca
989 2382 1098 2441 eodem

208 2476 298 2534 modo
307 2480 425 2548 sapiens
434 2482 492 2535 erit
500 2478 625 2536 affectus
635 2482 1098 2551 ergaamicumquoinseipsum,

208 2592 343 2643 quosque
357 2572 474 2631 labores
488 2582 613 2646 propter
623 2595 708 2632 suam
719 2574 907 2646 voluptatem
921 2579 1098 2648 susciperet,

209 2668 332 2726 eosdem
347 2673 491 2741 suscipiet
508 2677 633 2741 propter
652 2674 740 2727 amici
755 2671 950 2741 voluptatem.
996 2669 1098 2741 Quae-

208 2784 269 2836 que
294 2765 333 2823 de
359 2767 521 2823 virtutibus
546 2766 628 2824 dicta
653 2774 735 2838 sunt,
758 2756 1014 2837 quemadmodum
1043 2788 1098 2828 eae

208 2873 327 2926 semper
342 2853 547 2925 voluptatibus
562 2855 767 2926 inhaererent,
783 2856 890 2913 eadem
908 2856 947 2913 de
964 2859 1098 2916 amicitia

208 2943 338 3001 dicenda
347 2950 426 3000 sunt.
455 2942 611 3001 Praeclare
620 2949 702 3002 enim
712 2945 859 3016 Epicurus
869 2945 915 3002 his
924 2965 1021 3016 paene
1031 2967 1099 3004 ver-

208 3034 268 3090 bis:
284 3019 434 3102 ‘Eadem'
451 3035 559 3103 inquit,
576 3019 748 3091 ‘sententia
762 3034 949 3092 confirmavit
963 3039 1098 3095 animum

207 3142 247 3181 ne
258 3121 340 3192 quod
350 3129 404 3179 aut
412 3125 631 3192 sempiternum
641 3131 695 3181 aut
709 3123 886 3182 diuturnum
900 3127 1026 3182 timeret
1036 3145 1099 3184 ma-

292 3210 331 3268 70
