2332 3698
439 261 589 319 CICERO
613 259 670 317 DE
692 255 861 318 FINIBUS

203 387 305 440 animo
320 391 465 454 versatur,
479 403 645 454 numquam
659 387 732 440 sinit
747 401 817 440 eum
835 385 992 453 respirare,
1006 397 1095 438 num·

204 487 295 538 quam
309 471 508 536 acquiescere.

144 557 182 608 ol
247 537 363 620 “Quod
378 554 402 608 si
417 570 457 608 ne
468 554 600 622 ipsarum
612 550 735 621 quidem
747 554 894 607 virtutum
905 548 980 620 laus,
991 553 1024 606 in
1035 569 1095 620 qua

204 637 334 690 maxime
350 642 520 691 ceterorum
535 633 782 705 philosophorum
797 632 915 690 exultat
929 637 1035 704 oratio,
1046 652 1094 690 rc-

204 720 303 788 perire
324 721 440 774 exitum
462 725 566 789 potest
584 721 642 774 nisi
664 717 813 787 dirigatur
831 716 871 773 ad
894 715 1094 788 voluptatem,

204 799 343 870 voluptas
351 808 455 859 autem
466 808 514 858 est
522 801 585 858 sola
594 820 671 872 quae
681 820 735 857 nos
745 808 834 857 vocet
844 799 883 856 ad
894 819 926 857 se
938 807 971 857 et
981 800 1095 858 alliciat

206 891 312 954 suapte
336 893 453 956 natura,
476 905 538 942 non
558 892 661 956 potest
681 903 746 942 esse
764 884 890 942 dubium
910 887 984 953 quin
1003 883 1035 940 id
1055 887 1095 942 sit

205 987 355 1025 summum
361 977 453 1039 atque
460 975 630 1026 extremum
637 969 935 1037 bonorumomnium,
942 967 1095 1038 beateque

204 1055 305 1109 vivere
320 1052 397 1108 nihil
411 1052 495 1110 aliud
508 1057 548 1110 sit
562 1055 620 1109 nisi
636 1071 704 1108 cum
719 1051 876 1121 voluptate
891 1055 1000 1108 vivere.

144 1142 181 1192 55
239 1134 338 1192 XVII.
352 1122 464 1192 “Huic
475 1144 577 1194 certae
588 1135 749 1205 stabilique
761 1138 932 1192 sententiae
944 1153 1021 1204 quae
1033 1138 1097 1192 sint

204 1222 366 1276 coniuncta
375 1219 532 1290 explicabo
541 1220 633 1277 brevi.
648 1219 872 1287 Nullusinipsis
881 1236 963 1274 error
972 1225 1019 1275 est
1028 1217 1095 1275 fini-

205 1302 260 1359 bus
282 1302 430 1359 bonorum
449 1310 481 1360 et
496 1303 653 1373 malorum,
668 1302 700 1359 id
715 1306 808 1358 estin
823 1301 979 1371 voluptate
994 1308 1047 1358 aut
1062 1305 1094 1358 in

204 1384 688 1456 dolore,sediniisrebuspeccant
697 1405 766 1442 cum
776 1404 792 1442 e
802 1385 910 1454 quibus
919 1383 994 1441 haec
1005 1384 1095 1441 effici-

203 1476 294 1526 antur
300 1469 557 1538 ignorantAnimi
563 1476 666 1526 autern
672 1468 843 1539 voluptates
850 1475 882 1525 et
888 1467 1094 1525 doloresnasci

205 1551 336 1609 fatemur
354 1572 371 1608 e
389 1557 519 1623 corporis
534 1552 739 1622 voluptatibus
757 1558 790 1609 et
807 1551 959 1609 doloribus
977 1539 1094 1622 (itaque

204 1634 521 1705 concedoquodmodo
527 1635 658 1706 dicebas,
665 1636 772 1694 cadere
779 1655 867 1692 causa
873 1639 897 1692 si
903 1639 1095 1705 quienostris

203 1718 293 1775 aliter
307 1722 492 1790 existimant,
504 1739 578 1790 quos
593 1719 717 1789 quidem
732 1719 820 1776 video
832 1737 897 1775 esse
906 1719 1027 1788 multos
1039 1718 1095 1776 sed

202 1790 388 1874 imperitos);
399 1823 582 1874 quamquam
596 1810 699 1861 autem
711 1810 743 1860 et
754 1802 902 1860 laetitiam
913 1802 1000 1859 nobis
1011 1802 1095 1859 volu·

204 1894 271 1956 ptas
286 1891 379 1943 animi
401 1894 434 1944 et
455 1888 625 1945 molestiam
640 1886 726 1944 dolor
739 1886 854 1956 afferat,
870 1905 974 1942 eorum
989 1893 1094 1942 tamen

203 1977 366 2040 utrumque
376 1977 409 2027 et
417 1977 518 2027 ortum
527 1991 592 2029 esse
602 1991 618 2027 e
630 1989 754 2041 corpore
766 1969 845 2027 etad
857 1988 964 2039 corpus
972 1968 1095 2037 referri3
1142 1970 1146 1976 '

203 2052 306 2110 necob
312 2073 379 2111 eam
385 2073 572 2110 causamnon
578 2053 807 2111 multomaiores
813 2072 878 2110 esse
885 2051 1095 2123 etvoluptates

203 2143 236 2193 et
245 2135 363 2194 dolores
372 2141 466 2193 animi
475 2157 564 2206 quam
576 2141 715 2208 corporis
727 2136 807 2193 Nam
816 2155 940 2206 corpore
950 2134 1026 2192 nihil
1036 2139 1093 2192 nisi

202 2238 345 2290 praesens
365 2227 397 2278 et
412 2220 493 2291 quod
514 2221 602 2279 adest
616 2224 729 2278 sentire
744 2238 910 2291 possumus,
925 2223 1027 2276 animo
1040 2238 1094 2276 au·

202 2310 267 2360 tem
282 2310 315 2360 et
328 2307 494 2374 praeterita
509 2312 542 2362 et
556 2302 665 2361 futura.
684 2305 729 2362 Ut
738 2308 820 2361 enim
829 2322 925 2373 aeque
937 2303 1094 2360 doleamus

203 2372 355 2456 [animo]‚1
366 2407 435 2443 cum
447 2406 570 2457 corpore
582 2387 729 2455 dolemus,
740 2387 805 2444 fieri
814 2394 918 2443 tamen
928 2406 1094 2457 permagna

201 2474 333 2527 accessio
341 2470 603 2541 potestsialiquod
611 2478 771 2528 aeternum
778 2469 1093 2541 etinfinitumimpen-

422 2577 551 2643 1[αηὶηιο]
563 2579 713 2628 bracketed
725 2579 760 2643 by
774 2579 847 2627 Mdv.

235 2689 248 2717 ὃ
258 2680 324 2729 This
336 2683 450 2744 chapter
458 2698 577 2746 appears
586 2690 614 2730 to
624 2683 702 2731 bean
712 2683 899 2746 unintelligent
908 2683 1055 2745 transcript
1067 2683 1098 2730 of

203 2762 221 2794 a
244 2762 383 2811 sunrmary
403 2747 434 2795 of
453 2749 499 2795 the
520 2749 672 2812 Epicurean
694 2763 816 2796 answers
836 2754 864 2795 to
885 2748 930 2795 the
954 2747 1095 2810 following

205 2812 341 2876 Cyrenaic
361 2812 521 2862 criticisms:
539 2813 576 2875 (1)
596 2816 722 2878 pleasure
744 2814 767 2861 is
787 2812 943 2862 sometimes
964 2812 1093 2871 rc'ecied,

203 2878 296 2941 owing
308 2887 335 2926 io
347 2880 448 2927 mental
465 2880 631 2942 perversion,
646 2883 683 2942 (2)
699 2881 736 2928 all
753 2880 878 2942 pleasure
893 2879 916 2926 is
933 2887 978 2926 not
992 2829 1093 2942 iodily,

203 2941 242 3005 (3)
260 2943 351 3008 bodily
368 2945 509 3008 pleasures
526 2961 573 2993 are
594 2953 722 3009 stronger
745 2947 811 2993 than
835 2944 936 2992 mental
956 2959 1032 3003 ones,
1056 2945 1095 3008 (4)

202 3009 320 3058 absence
330 3009 361 3057 of
370 3010 432 3073 pain
445 3010 468 3059 is
480 3017 527 3058 not
537 3013 669 3074 pleasure,
679 3009 716 3073 (5)
724 3026 844 3074 memory
853 3008 907 3058 and
915 3009 1095 3073 anticipation
1153 3011 1156 3016 ’

201 3074 233 3122 of
241 3076 368 3137 pleasure
380 3092 427 3124 are
439 3083 486 3124 not
499 3077 554 3125 real
566 3078 714 3141 pleasures.
822 3074 824 3077 ’

232 3137 307 3194 bSee
318 3143 331 3201 ἕ
343 3155 374 3205 ²5
384 3141 481 3191 above.

284 3224 321 3275 58
