2332 3698
396 226 547 285 CICERO
569 225 626 282 DE
649 222 817 281 FINIBUS

162 350 385 406 haerescerent.
431 347 480 404 lta
494 351 577 404 enim
591 350 724 403 invitant
736 344 860 403 Ulixem
870 331 959 413 (nam
972 349 1063 415 verti,

163 442 197 491 ut
212 433 361 504 quaedam
377 432 515 501 Homeri,
531 435 573 488 sic
588 435 680 488 istum
694 433 794 499 ipsum
807 417 942 498 locum):

204 566 232 624 Ο
247 565 340 622 decus
355 562 542 634 Argolicum,
557 565 631 633 quin
645 566 771 633 puppim
785 560 893 632 flectiS,
911 561 1033 633 UlixeS,

204 649 336 705 Auribus
351 656 386 705 ut
400 655 518 704 nostros
532 650 627 717 possis
641 665 805 716 agnoscere
820 646 950 702 cantus?

205 733 283 789 Nam
303 752 394 789 nemo
414 731 489 788 haec
504 750 649 800 umquam
664 737 711 787 est
728 736 920 786 transvectus
936 730 1061 787 caerula

245 835 344 885 cursu,

204 899 287 970 Quin
302 904 384 970 prius
397 901 530 956 astiterit
544 917 652 970 vocum
666 895 829 954 dulcedine
844 903 962 967 captuS,

205 983 286 1053 Post,
301 987 388 1039 variis
403 982 491 1038 avido
505 985 630 1038 satiatus
645 988 769 1051 pectore
784 983 887 1049 musiS,

206 1067 332 1123 Doctior
345 1066 384 1123 ad
399 1069 511 1136 patrias
525 1064 626 1135 lapsus
640 1067 817 1135 pervenerit
832 1082 905 1119 oras

204 1151 268 1207 Nos
281 1170 373 1220 grave
388 1157 544 1206 certamen
559 1147 634 1205 belli
649 1147 829 1218 clademque
844 1154 1002 1217 tenemuS,

205 1234 333 1291 Graecia
347 1253 438 1303 quam
453 1232 560 1289 Troiae
575 1231 678 1288 divino
693 1235 818 1288 numine
834 1234 928 1300 vexit,

204 1317 377 1388 Omniaque
393 1336 409 1373 e
424 1316 494 1372 latis
508 1335 610 1372 rerum
625 1319 753 1385 vestigia
767 1318 864 1371 terris.

163 1450 249 1506 Vidit
265 1450 419 1505 Homerus
433 1449 554 1518 probari
569 1447 703 1504 fabulam
722 1467 785 1504 non
805 1467 892 1519 posse
912 1453 938 1504 si
958 1454 1058 1507 canti-

162 1531 281 1589 unculis
315 1538 419 1588 tantus
448 1536 584 1588 irretitus
613 1536 659 1587 vir
686 1539 864 1599 teneretur;
894 1535 1058 1590 scientiam

163 1614 355 1687 pollicentur,
372 1635 462 1684 quam
477 1634 539 1670 non
554 1622 620 1672 crat
634 1619 744 1672 mirum
759 1619 927 1686 sapientiae
943 1616 1057 1687 cupido

163 1702 260 1771 patria
280 1687 366 1756 essel
387 1702 540 1755 cariorem.
585 1699 689 1768 Atque
712 1703 813 1755 omnia
833 1699 957 1769 quidem
977 1705 1057 1758 scire

164 1782 463 1852 cuiuscumquemodi
478 1786 540 1839 sint
554 1802 666 1852 cupere
686 1787 880 1852 curiosorum,
896 1783 967 1839 duci
982 1803 1057 1841 vero

162 1872 309 1923 maiorum
324 1886 426 1923 rerum
443 1866 703 1936 contemplatione
722 1866 761 1922 ad
782 1865 983 1936 cupiditatem
998 1872 1057 1924 sci·

163 1955 265 2008 entiae
280 1969 465 2007 summorum
479 1954 609 2006 virorum
625 1956 672 2006 est
686 1949 864 2020 putandum.

102 2039 140 2090 50
205 2032 288 2089 XIX.
307 2019 434 2104 “Quem
444 2037 525 2090 enim
534 2033 673 2090 ardorem
682 2033 764 2090 studi
774 2036 905 2090 censetis
916 2032 1011 2091 fuisse
1023 2040 1056 2093 in

163 2116 359 2186 Archimede,
375 2121 426 2187 qui
446 2116 519 2173 dum
538 2121 570 2172 in
589 2115 714 2186 pulvere
737 2116 886 2186 quaedam
907 2116 1057 2177 describit

162 2205 321 2270 attentius,
336 2220 376 2256 ne
390 2203 520 2270 patriam
535 2199 658 2270 quidem
677 2207 797 2271 captam
817 2219 883 2257 esse
904 2205 1054 2260 senserit!

162 2291 311 2353 quantum
327 2283 502 2339 Aristoxeni
517 2287 675 2353 ingenium
687 2291 900 2355 consumptum
914 2284 1055 2344 videmus

162 2370 193 2422 in
207 2367 345 2423 musicis!
369 2385 428 2435 quo
443 2366 543 2423 studio
558 2366 795 2437 Aristophanem
814 2374 955 2438 putamus
970 2377 1055 2426 aeta-

161 2456 226 2506 tem
246 2453 277 2505 in
300 2449 411 2506 litteris
433 2450 571 2507 duxisse!
616 2449 698 2520 Quid
720 2451 759 2508 de
782 2450 964 2521 Pythagora,
979 2453 1055 2522 quid

162 2533 202 2590 de
229 2532 356 2589 Platone
385 2541 438 2590 aut
467 2533 506 2590 de
535 2534 712 2591 Democrito
740 2534 867 2604 loquar?
896 2554 915 2590 a
943 2536 1055 2604 quibus

162 2624 287 2687 propter
301 2616 438 2673 discendi
453 2618 654 2688 cupiditatem
668 2617 805 2675 videmus
819 2617 942 2675 ultimas
956 2625 1055 2678 terras

163 2716 229 2756 esse
252 2707 434 2770 peragratas.
481 2699 567 2770 Quae
589 2704 641 2770 qui
663 2720 724 2757 non
747 2701 863 2771 vident,
885 2700 962 2758 nihil
987 2723 1054 2760 um-

162 2802 253 2852 quam
274 2803 419 2854 magnum
441 2773 494 2840 ac2
517 2787 691 2853 cognitione
714 2785 842 2856 dignum
863 2795 1051 2845 amaverunt.

261 2890 333 2941 1esse
344 2899 414 2941 most
428 2892 505 2940 MSS.
520 2893 594 2941 omit.

261 2955 408 3021 ²magnum
421 2974 454 3006 ac
465 2958 596 3016 Bremius,
612 2958 684 3006 Mdv.
700 2977 706 3015 ;
724 2975 824 3022 magna
838 2958 913 3008 MSS.

455 3115 604 3179 “Odyssea
621 3131 659 3175 12,
676 3118 722 3180 184
734 3116 761 3166 ff.

245 3199 304 3250 450
