2332 3698
459 242 609 302 CICERO
632 243 689 300 DE
711 242 880 301 FINIBUS

221 367 345 420 minoris
372 365 561 421 aestimanda
589 365 721 422 ducebat
756 384 792 422 ea
827 383 904 435 quae
939 366 1005 433 ipse
1033 362 1113 418 bona

222 490 350 552 negaret
370 502 435 540 esse
456 504 546 554 quam
565 484 610 540 illi
632 488 683 555 qui
706 504 742 542 ea
769 484 849 541 bona
869 502 935 540 esse
957 481 1109 538 dicebant.

222 600 304 672 Quid
326 606 419 672 igitur
439 603 535 661 voluit
551 604 608 661 sibi
630 608 681 675 qui
700 604 752 660 illa
770 602 953 660 mutaverit?
996 600 1112 659 Saltem

221 721 336 792 aliquid
365 723 404 780 de
434 724 569 794 pondere
598 724 780 781 detraxisset
809 730 842 780 et
870 722 961 793 paulo
989 725 1113 778 minoris

221 841 442 895 aestimavisset
461 858 498 895 ea
520 833 611 909 quam
632 838 836 909 Peripatetici,
851 844 887 894 ut
904 841 1019 894 sentire
1040 855 1112 907 quo-

220 970 280 1020 que
301 950 393 1021 aliud,
414 971 475 1008 non
499 951 595 1009 solum
619 952 721 1009 dicere
741 951 904 1008 videretur.
950 949 1051 1021 Quid?
1073 949 1112 1006 de

221 1068 286 1135 ipsa
313 1065 404 1122 beata
427 1069 499 1136 vita,
523 1065 562 1122 ad
587 1086 677 1136 quam
701 1069 802 1123 omnia
826 1065 1011 1135 referuntur,
1035 1082 1111 1134 quae

222 1179 342 1237 dicitis?
377 1181 506 1250 Negatis
522 1201 590 1238 eam
605 1200 672 1239 esse
687 1201 764 1252 quae
780 1180 903 1252 expleta
918 1183 958 1238 sit
971 1183 1007 1236 iis
1022 1179 1112 1236 rebus

221 1294 360 1350 omnibus
385 1313 458 1364 quas
483 1301 592 1351 natura
617 1294 782 1365 desideret,
804 1300 962 1364 totamque
988 1312 1055 1350 eam
1080 1296 1112 1348 in

223 1426 283 1462 una
308 1410 420 1463 virtute
449 1410 570 1477 ponitis.
617 1406 753 1476 Cumque
782 1409 879 1463 omnis
908 1408 1112 1462 controversia

220 1526 273 1576 aut
293 1495 379 1577 dere
395 1520 491 1577 soleat
505 1527 559 1577 aut
578 1520 617 1577 de
633 1525 757 1578 nomine
772 1541 848 1592 esse,
863 1528 992 1591 utraque
1008 1539 1111 1577 earum

220 1636 353 1690 nascitur
372 1636 397 1689 si
415 1641 469 1690 aut
488 1652 536 1690 res
555 1637 712 1704 ignoratur
730 1642 784 1692 aut
801 1642 918 1691 erratur
931 1637 964 1690 in
978 1637 1109 1690 nomine.

220 1747 357 1818 Quorum
377 1752 402 1806 si
422 1756 565 1806 neutrum
585 1756 642 1820 est,
658 1769 750 1820 opera
769 1748 869 1806 danda
893 1755 940 1806 est
959 1755 995 1804 ut
1012 1748 1110 1805 verbis

220 1870 341 1920 utamur
355 1882 446 1934 quam
460 1867 663 1921 usitatissimis
678 1871 711 1921 et
725 1883 817 1934 quam
830 1867 962 1920 maxime
978 1867 1066 1933 aptis,
1078 1862 1110 1919 id

159 1982 196 2034 58
220 1983 268 2033 est
282 1996 347 2033 rem
362 1976 595 2035 declarantibus.
628 1977 710 2035 Num
721 1981 816 2046 igitur
827 1977 954 2034 dubium
967 1984 1015 2033 est
1026 1979 1108 2046 quin,

219 2094 291 2148 siin
306 2095 418 2162 reipsa
432 2092 509 2148 nihil
529 2100 673 2164 peccatur
686 2113 704 2149 a
719 2092 932 2162 superioribus,
947 2091 1047 2148 verbis
1066 2090 1109 2147 illi

219 2205 405 2263 commodius
434 2208 578 2265 utantur?
621 2207 786 2264 Videamus
818 2209 913 2276 igitur
940 2209 1110 2263 sententias

219 2339 323 2376 eorum
331 2338 339 2387 ;
364 2327 431 2377 tum
445 2321 484 2377 ad
500 2321 591 2379 verba
605 2321 773 2378 redeamus.

260 2432 344 2490 XXI.
369 2419 515 2491 “Dicunt
537 2438 760 2505 appetitionem
783 2438 877 2491 animi
900 2437 1016 2491 moveri
1040 2454 1108 2491 cum

218 2547 333 2618 aliquid
353 2551 381 2605 ei
401 2548 568 2606 secundum
587 2557 727 2607 naturam
742 2568 807 2606 esse
822 2548 976 2616 videatur3
995 2553 1109 2605 omnia-

218 2682 278 2732 que
314 2682 391 2732 quae
427 2663 594 2719 secundum
626 2671 766 2721 naturam
802 2667 863 2720 sint
898 2666 1109 2720 aestimatione

217 2774 319 2845 aliqua
338 2775 441 2846 digna,
458 2797 553 2847 eaque
574 2797 629 2848 pro
647 2797 683 2835 eo
703 2785 851 2848 quantum
873 2780 906 2834 in
929 2796 1049 2848 quoque
1070 2782 1109 2836 sit

217 2888 360 2960 ponderis
375 2909 441 2948 esse
456 2892 659 2960 aestimanda3
681 2911 819 2963 quaeque
834 2891 1002 2949 secundum
1020 2900 1108 2950 natu·

217 3023 281 3060 ram
297 3008 369 3076 sint,
380 3008 491 3074 partim
501 3003 578 3061 nihil
593 3005 705 3063 habere
715 3009 747 3062 in
759 3024 825 3063 sese
836 3009 900 3063 eius
911 3010 1108 3076 appetitionis

217 3117 257 3175 de
279 3137 340 3260 qu}
359 3138 449 3189 saepe
471 3123 532 3176 iam
553 3119 692 3190 diximus,
716 3139 793 3191 quae
818 3139 876 3177 nec
898 3119 1028 3178 honesta
1050 3141 1108 3180 nec

301 3208 318 3258 3
343 3209 360 3258 2
