2332 3698
385 219 536 278 CICERO
559 219 616 277 DE
639 219 807 280 FINIBUS

148 328 278 397 maxime
288 340 345 397 hoc
355 341 483 411 placeat,
495 341 680 400 moderatius
691 350 796 400 tamen
807 343 840 400 id
848 345 956 402 volunt
966 345 1040 416 fieri,

147 442 300 499 difficilem
326 442 478 512 quandam
503 449 739 514 temperantiam
763 446 920 516 postulant
945 451 977 503 in
1003 467 1040 505 eo

146 543 228 614 quod
237 544 333 601 semel
341 543 505 601 admissum
515 549 647 602 coerceri
657 551 841 617 reprimique
851 556 1038 618 nonpotest;

146 653 182 702 ut
196 645 416 717 propemodum
432 647 607 704 iustioribus
626 655 747 705 utamur
764 649 824 706 illis
842 653 894 720 qui
915 654 1038 707 omnino

146 755 275 805 avocent
294 768 312 804 a
330 747 531 818 philosophia,
551 768 642 819 quam
660 749 708 807 his
727 754 780 820 qui
799 752 890 807 rebus
910 751 1037 808 infinitis

144 850 268 907 modum
282 853 471 907 constituant
480 854 513 906 in
524 869 617 920 reque
633 870 669 908 eo
680 851 804 909 meliore
816 871 876 922 quo
890 857 984 909 maior
998 858 1038 911 sit

104 957 121 1008 3
144 951 387 1009 mediocritatem
398 951 583 1009 desiderent.
628 952 698 1011 Sive
710 957 793 1010 enim
804 953 843 1010 ad
855 958 1036 1024 sapientiam

144 1057 295 1125 perveniri
317 1060 429 1125 potest,
452 1073 514 1110 non
537 1054 671 1125 paranda
692 1055 780 1111 nobis
803 1055 899 1112 solum
923 1075 959 1113 ea
982 1057 1036 1114 sed

144 1154 272 1212 fruenda
287 1159 379 1213 etiam
395 1163 443 1212 est
449 1174 457 1224 ;
487 1159 550 1212 sive
564 1155 623 1213 hoc
642 1156 763 1213 difficile
781 1163 958 1226 esttamen
977 1178 1035 1215 nec

142 1256 250 1314 modus
270 1265 317 1315 est
336 1257 418 1314 ullus
435 1258 640 1328 investigandi
659 1261 723 1315 veri
743 1262 800 1315 nisi
820 1262 981 1330 inveneris,
1002 1268 1035 1318 et

142 1358 309 1428 quaerendi
323 1358 504 1429 defetigatio
519 1363 616 1430 turpis
636 1366 684 1416 est
701 1379 770 1416 cum
787 1359 819 1416 id
839 1360 920 1430 quod
942 1380 1033 1431 quae·

142 1463 219 1515 ritur
233 1464 272 1516 sit
286 1459 531 1530 pulcherrimum.
576 1460 700 1517 Etenim
716 1465 740 1517 si
760 1459 949 1518 delectamur
964 1482 1033 1520 cum

142 1561 308 1631 scribimus,
319 1566 386 1633 quis
397 1570 444 1619 est
455 1570 518 1619 tam
530 1561 649 1619 invidus
660 1565 712 1632 qui
723 1562 761 1618 ab
773 1582 809 1619 eo
819 1582 874 1619 nos
883 1563 1033 1622 abducat?

142 1661 196 1719 Sin
214 1662 393 1734 laboramus,
408 1668 475 1734 quis
496 1671 542 1721 est
562 1667 614 1734 qui
634 1663 752 1721 alienae
771 1664 896 1720 modum
917 1672 1031 1723 statuat

140 1763 325 1821 industriae?
368 1765 447 1821 Nam
467 1772 503 1822 ut
519 1764 721 1822 Terentianus
739 1764 884 1822 Chremes
902 1785 962 1822 non
985 1772 1030 1824 in-

140 1864 300 1935 humanuS,
314 1871 366 1937 qui
381 1886 493 1923 novum
507 1871 640 1923 vicinum
655 1886 717 1923 non
732 1866 797 1923 vult

192 1966 216 2022 F
217 1967 309 2024 odere
323 1976 376 2025 aut
390 1988 474 2025 arare
489 1975 542 2025 aut
556 1968 670 2038 aliquid
686 1967 765 2024 ferre
781 1968 961 2039 denique—

139 2055 214 2137 (non
230 2073 312 2126 enim
331 2070 417 2126 illum
431 2070 470 2126 ab
484 2070 633 2127 industria
647 2069 701 2126 sed
716 2069 754 2125 ab
773 2069 912 2127 illiberali
926 2071 1030 2132 labore

138 2158 299 2241 deterret),
314 2177 357 2229 sic
371 2175 422 2229 isti
431 2176 549 2242 curiosi,
560 2190 635 2241 quos
650 2169 777 2228 offendit
788 2179 892 2229 noster
902 2177 1028 2232 minime

137 2274 223 2330 nobis
238 2273 420 2330 iniucundus
434 2273 525 2330 labor.

96 2381 115 2429 4
180 2374 220 2433 Il.
245 2374 285 2432 lis
299 2379 393 2446 igitur
408 2381 455 2431 est
466 2372 614 2431 difficilius
626 2372 798 2431 satisfacere
810 2379 906 2445 quise
918 2375 1027 2435 Latina

136 2476 247 2542 scripta
261 2471 369 2528 dicunt
383 2477 590 2526 contemnere.
637 2467 672 2524 In
692 2470 801 2539 quibus
818 2469 876 2527 hoc
896 2477 1026 2543 primum

135 2575 183 2624 est
208 2572 239 2624 in
265 2587 325 2638 quo
350 2566 490 2634 admirer,
514 2583 567 2621 cur
593 2568 623 2621 in
646 2569 828 2634 gravissimis
851 2568 941 2625 rebus
963 2589 1025 2626 non

39 2735 41 2738 y
134 2663 271 2720 delectet
279 2681 331 2720 eos
339 2680 438 2718 sermo
448 2664 573 2730 patrius,
583 2680 652 2717 cum
662 2660 756 2718 iidem
767 2661 892 2720 fabellas
902 2663 1026 2722 Latinas

134 2759 173 2816 ad
197 2758 324 2815 verbum
347 2776 364 2812 e
389 2756 512 2812 Graecis
538 2775 693 2826 expressas
716 2777 777 2814 non
799 2763 887 2815 inviti
910 2758 1023 2829 legant.

134 2853 210 2925 Quis
226 2856 308 2910 enim
323 2859 386 2908 tam
401 2855 539 2908 inimicus
561 2871 658 2922 paene
678 2857 794 2910 nomini
816 2854 951 2911 Romano
965 2864 1023 2927 est,

132 2953 183 3019 qui
200 2948 280 3004 Enni
297 2945 439 3003 Medeam
453 2954 506 3003 aut
520 2946 687 3019 Antiopam
703 2948 812 3005 Pacuvi
832 2957 956 3019 spernat
969 2960 1023 3009 aut

252 3091 402 3152 aTerence,
415 3092 738 3154 Heautontimommenm,
755 3109 775 3142 1.
793 3108 812 3141 1.
831 3105 866 3156 17.

213 3176 232 3226 4
