2332 3698
426 199 602 301 ‘tircano
626 224 683 282 nu
706 224 875 283 numus

204 317 296 374 iudici
322 321 385 376 est'
409 316 418 329 '

390 352 449 405 erit
469 366 570 404 rerum
590 350 671 404 inter
692 365 741 404 eas
756 346 959 404 verborumne
979 351 1019 405 sit
1036 366 1111 405 con·

205 518 266 575 ind·
289 550 346 607 Ill.
366 536 493 607 “Huius
503 568 561 620 ego
570 569 651 607 nunc
660 553 874 608 auctoritatem
885 569 1015 621 sequens
1026 550 1111 609 idem

226 653 332 710 aciam.
364 651 522 722 Quantum
532 656 614 709 enim
623 659 741 723 potero,
750 656 885 709 minuam
894 657 1111 711 contentiones

217 773 383 824 omnesque
398 757 567 811 sententias
581 753 733 825 simplices
745 773 849 810 eorum
858 757 891 810 in
906 754 1014 824 quibus
1025 754 1111 811 nulla

217 859 390 914 estvirtutis
399 855 554 913 adiunctio
563 854 1110 926 omn-inoaphilosophiasemovendas

218 958 514 1029 putabo—primum
542 958 691 1028 Aristippi
722 957 1015 1029 Cyrenaicorumque
1045 977 1110 1016 om·

218 1062 313 1130 nium,
331 1079 405 1130 quos
431 1078 493 1116 non
516 1066 564 1117 est
581 1062 713 1117 veritum
736 1061 768 1114 in
792 1078 828 1116 ea
851 1057 1008 1130 voluptate
1032 1079 1111 1131 quae

217 1165 347 1217 maxima
362 1160 524 1219 dulcedine
540 1180 662 1218 sensum
677 1168 814 1218 moveret
831 1181 982 1219 summum
997 1162 1112 1220 bonum

156 1269 195 1320 40
218 1282 341 1333 ponere,
356 1270 589 1319 contemnentes
603 1266 692 1320 istam
705 1266 887 1320 vacuitatem
902 1262 1020 1321 doloris.
1066 1264 1111 1320 Hi

218 1383 279 1419 non
308 1362 460 1433 viderunt,
487 1370 522 1420 ut
544 1363 583 1420 ad
609 1383 729 1420 cursum
754 1383 876 1434 equum,
902 1364 941 1422 ad
964 1364 1111 1423 arandum

218 1465 336 1536 bovem,
350 1463 390 1521 ad
404 1464 611 1535 indagandum
626 1484 742 1536 canem,
757 1469 798 1523 sic
813 1466 968 1524 hominem
983 1466 1021 1524 ad
1036 1467 1112 1525 duas

218 1585 276 1636 res,
285 1574 321 1624 ut
334 1571 378 1623 ait
392 1565 584 1636 Aristoteles,
596 1567 634 1624 ad
649 1567 894 1639 intellegendum
905 1576 938 1626 et
948 1557 1002 1627 ad¹
1018 1588 1111 1640 agen-

218 1667 292 1726 dum
306 1688 373 1726 esse
387 1675 504 1739 natum,
518 1673 603 1739 quasi
612 1669 771 1727 mortalem
786 1670 888 1741 deum,
900 1678 1066 1742 contraque
1077 1679 1113 1730 ut

218 1769 336 1827 tardam
350 1769 481 1842 aliquam
496 1778 529 1828 et
542 1770 717 1841 languidam
732 1772 882 1843 pecudem
897 1771 935 1830 ad
950 1778 1071 1844 pastum
1080 1780 1113 1831 et

219 1871 257 1929 ad
271 1872 449 1944 procreandi
460 1871 649 1944 voluptatem
664 1872 721 1929 hoc
736 1873 872 1930 divinum
886 1873 997 1930 animal
1012 1881 1113 1932 ortum

158 1979 192 2028 41
220 1991 284 2031 esse
309 1973 481 2042 voluerunt,
508 1993 567 2043 quo
590 1973 665 2031 nihil
696 1974 772 2030 mihi
800 1974 922 2032 videtur
944 1975 1111 2034 absurdius.

219 2074 322 2145 Atque
338 2074 413 2132 haec
429 2082 534 2132 contra
549 2075 749 2146 Aristippum,
769 2080 820 2146 qui
838 2096 906 2133 eam
923 2077 1113 2148 voluptatem
1141 2127 1144 2135 .

219 2194 281 2232 non
290 2176 380 2233 modo
389 2176 796 2234 summamsedsolametiam
805 2177 900 2248 ducit,
908 2197 998 2248 quam
1007 2198 1114 2238 omnes

219 2295 311 2333 unam
335 2275 522 2347 appellamus
543 2276 738 2348 voluptatem.
785 2277 885 2334 Aliter
903 2285 1007 2336 autem
1029 2280 1114 2338 vobis

219 2376 328 2448 placet.
374 2375 436 2434 Sed
453 2376 515 2447 ille,
530 2384 565 2434 ut
582 2377 655 2449 dixi,
671 2382 787 2435 vitiose.
833 2379 899 2436 Nec
920 2383 1002 2437 enim
1016 2379 1113 2460 figura

220 2483 350 2551 corporis
365 2499 422 2537 nec
438 2483 514 2536 ratio
529 2480 682 2538 excellens
697 2485 801 2551 ingeni
819 2481 944 2539 humani
963 2482 1114 2552 significat

219 2581 258 2638 ud
284 2601 375 2639 unam
400 2581 479 2638 hanc
504 2600 569 2639 rem
594 2589 701 2639 natum
724 2582 879 2641 hominem
902 2591 937 2642 ut
960 2584 1114 2642 frueretur

221 2682 433 2753 voluptatibus.
479 2684 544 2740 Nec
560 2703 631 2741 vero
645 2683 815 2742 audiendus
831 2686 1046 2757 Hieronymus
1064 2691 1113 2744 cui

220 2803 371 2840 summum
395 2784 508 2841 bonum
532 2793 579 2842 est
602 2785 684 2843 idem
709 2786 790 2857 quod
813 2806 865 2844 vos
885 2787 1040 2845 interdum
1063 2789 1110 2846 vel

219 2889 320 2955 potius
329 2888 456 2943 nimium
468 2906 558 2957 saepe
569 2887 679 2957 dicitis,
692 2887 768 2944 nihil
779 2888 891 2946 dolere.
937 2889 1007 2946 Non
1018 2894 1112 2960 enim,

219 2990 244 3044 si
257 2987 371 3044 malum
386 2996 434 3045 est
448 2987 543 3060 dolor,
559 3009 661 3048 carere
677 3009 714 3047 eo
728 2989 808 3047 malo
826 2995 898 3048 satis
916 2999 964 3049 est
977 2991 1016 3049 ad
1031 2992 1111 3050 bene

345 3183 363 3243 6
482 3109 537 3158 ¹ad
545 3109 669 3174 supplied
682 3109 717 3174 by
731 3111 804 3159 Mdv.

305 3191 342 3241 12
