2332 3698
446 230 596 289 CICERO
620 229 677 287 DE
700 229 870 289 FINIBUS

211 357 305 411 vitam
324 360 428 410 autem
451 353 573 409 beatam
596 351 640 408 illi
659 371 726 408 eam
746 371 823 422 quae
839 358 993 408 constaret
1012 371 1050 410 ex
1068 356 1105 410 iis

211 450 302 508 rebus
322 469 396 521 quas
415 449 489 518 dixi,
503 455 558 505 aut
578 447 715 518 plurimis
737 455 791 505 aut
813 451 1006 518 gravissimis,
1022 449 1105 506 Zeno

210 553 313 603 autem
336 544 417 616 quod
437 563 531 614 suam,
552 542 633 614 quod
655 531 823 614 propriam¹
839 548 972 614 speciem
992 544 1106 602 habeat

210 660 263 697 cur
277 638 487 710 appetendum
508 641 558 709 sit,
573 638 605 695 id
625 637 722 694 solum
742 638 857 694 bonum
871 638 1018 709 appellat,
1033 640 1105 697 bea·

209 743 271 792 tam
302 743 406 793 autem
436 738 530 792 vitam
558 753 626 791 eam
659 732 753 790 solam
782 753 859 805 quae
891 753 961 791 cum
990 738 1105 793 virtute

210 832 348 901 degatur.
415 871 418 875 -

251 926 351 983 XXII.
380 912 438 984 “Si
463 925 503 983 de
526 946 559 983 re
583 925 746 995 disceptari
769 933 901 996 oportet,
925 927 1010 984 nulla
1028 927 1105 985 mihi

209 1030 323 1092 tecum,
338 1022 423 1092 Cato,
437 1028 541 1092 potest
556 1039 621 1078 esse
637 1020 800 1089 dissensi03
815 1021 892 1078 nihil
907 1029 955 1079 est
969 1027 1053 1080 enim
1064 1023 1104 1080 de

209 1138 269 1189 quo
289 1118 379 1175 aliter
400 1125 435 1175 tu
457 1119 570 1173 sentias
591 1123 685 1187 atque
707 1135 776 1186 ego,
797 1116 888 1173 modo
910 1122 1104 1175 commutatis

209 1214 309 1272 verbis
326 1219 405 1285 ipsas
419 1233 468 1270 res
482 1211 682 1269 conferamus.
726 1213 792 1268 Nec
807 1211 865 1269 hoc
880 1212 933 1270 ille
948 1233 1011 1270 nou
1025 1214 1105 1271 vidit

209 1310 264 1390 sed
278 1310 438 1367 verborum
455 1307 683 1378 magnificentia
698 1315 746 1364 est
758 1315 790 1365 et
803 1308 900 1378 gloria
915 1307 1104 1379 delectatus3

209 1410 261 1476 qui
281 1409 305 1462 si
323 1425 360 1462 ea
376 1424 454 1476 quae
472 1404 548 1461 dicit
562 1407 606 1460 ita
620 1408 750 1460 sentiret
764 1411 800 1461 ut
814 1405 906 1461 verba
920 1405 1103 1477 sigrnficant,

209 1500 282 1573 quid
306 1505 388 1558 iuter
413 1519 484 1557 eum
509 1506 542 1556 et
567 1499 616 1556 vel
641 1498 830 1570 Pyrrhonem
853 1500 902 1557 vel
925 1501 1103 1559 Aristonem

208 1597 390 1654 interesset?
413 1594 467 1653 Sin
478 1601 583 1652 autem
592 1615 644 1652 eos
653 1615 716 1652 non
724 1595 881 1666 probabat,
891 1596 965 1666 quid
975 1601 1104 1656 attinuit

208 1711 278 1748 cum
297 1695 333 1748 iis
353 1691 533 1762 quibuscum
552 1710 585 1748 re
600 1690 783 1748 concinebat
797 1691 897 1748 verbis
911 1691 1102 1764 discrepare?

148 1786 182 1846 61
209 1787 293 1858 Quid
304 1791 329 1845 si
339 1791 520 1845 reviviscant
533 1786 667 1843 Platonis
675 1786 720 1842 illi
732 1793 765 1843 et
775 1786 919 1858 deinceps
934 1792 986 1858 qui
998 1807 1103 1846 eorum

208 1884 361 1942 auditores
375 1884 501 1941 fuerunt
515 1891 548 1940 et
562 1891 665 1941 tecum
679 1887 723 1940 ita
736 1882 917 1952 loquantur?
943 1869 1022 1941 ‘Nos
1033 1905 1103 1943 cum

208 1988 251 2050 te,
264 1980 306 2037 M.
320 1980 405 2051 Cato,
416 1979 668 2037 studiosissimum
678 1977 896 2049 philosophiae,
905 1983 1103 2038 iustissimum

208 2080 317 2146 virum,
345 2080 496 2146 optimum
523 2073 666 2143 iudicem,
694 2073 953 2144 religiosissimum
978 2083 1102 2148 testem,

157 2160 164 2172 ⁶
208 2172 391 2242 audiremus,
419 2171 560 2228 admirati
589 2189 691 2227 sumus
720 2169 794 2240 quid
823 2177 904 2227 esset
932 2190 986 2228 cur
1014 2174 1102 2231 nobis

209 2266 326 2325 Stoicos
345 2266 524 2336 anteferres,
539 2270 591 2336 qui
609 2265 648 2322 de
666 2265 757 2322 rebus
775 2266 861 2322 bonis
880 2273 913 2323 et
930 2266 1018 2325 malis
1032 2287 1101 2325 sen·

210 2366 305 2418 tirent
326 2381 459 2432 eaquae
479 2360 595 2418 abhoc
616 2361 779 2418 Polemone
802 2361 883 2418 Zeno
906 2372 1101 2435 cognoverat,

209 2457 383 2514 nominibus
397 2464 559 2515 uterentur
573 2460 609 2514 iis
624 2476 702 2526 quae
717 2460 815 2527 prima
829 2462 929 2528 specie
944 2456 1101 2518 admirati-

209 2573 310 2624 onem,
330 2573 363 2610 re
384 2553 536 2624 explicata
555 2557 648 2610 risum
667 2560 834 2610 moverent.
879 2553 924 2611 Tu
945 2562 1061 2627 autem,
1076 2561 1101 2614 si

208 2648 266 2704 tibi
289 2647 341 2704 illa
366 2648 582 2718 probabantur,
606 2667 659 2705 cur
682 2668 744 2704 nou
769 2652 897 2718 propriis
922 2649 1022 2706 verbis
1048 2650 1100 2708 illa

208 2742 359 2799 tenebas?
390 2746 437 2799 siu
466 2751 498 2801 te
526 2746 691 2800 auctoritas
718 2743 940 2813 commovebat,
969 2745 1099 2804 nobisne

208 2837 348 2893 omnibus
363 2844 395 2894 et
411 2837 530 2894 Platoni
545 2840 602 2908 ipsi
613 2840 716 2894 nescio
731 2856 823 2908 quem
833 2836 919 2894 illum
930 2846 1099 2911 antepone-

207 2930 283 2987 bas?
308 2936 487 3001 praesertim
512 2951 581 2988 cum
606 2935 638 2987 in
664 2951 697 2989 re
720 2931 841 3002 publica
865 2935 1006 3004 princeps
1032 2954 1099 2992 esse

245 3104 251 3131 ¹
261 3105 334 3240 quog
332 3107 475 3242 gropriam
482 3105 521 3154 br.
534 3105 636 3164 Baiter3
646 3105 719 3154 Mdv.
727 3102 796 3170 conj.
808 3105 1095 3172 qroendampropnum.

291 3187 309 3239 3
