2332 3698
450 249 600 310 CICERO
623 251 680 308 DE
702 250 870 309 FINIBUS

216 378 249 428 et
271 376 304 429 in
327 392 451 444 corpore
474 372 612 444 perfecta
633 372 760 430 velimus
783 392 859 442 esse,
880 391 917 430 ea
936 373 1112 442 nobis-ipsa

217 486 285 524 cara
299 487 364 526 esse
379 476 504 539 propter
519 489 551 526 se
566 477 599 527 et
613 473 645 526 in
660 473 696 526 iis
711 488 776 526 esse
791 467 830 525 ad
846 468 926 524 bene
942 466 1109 524 vivendum

215 571 372 621 momenta
382 553 520 622 maxima.
538 565 617 622 Nam
632 569 681 622 cui
695 568 849 636 proposita
864 567 904 621 sit
919 566 1110 620 conservatio

217 662 272 728 sui,
293 679 418 717 necesse
439 668 487 718 est
506 660 577 718 huic
597 668 699 731 partes
719 678 840 730 quoque
860 663 906 716 sui
927 678 1010 717 caras
1031 677 1109 727 esse,

217 759 406 826 carioresque
432 776 493 827 quo
517 755 715 827 perfectiores
738 759 799 811 sint
823 762 856 812 et
878 757 975 824 magis
998 757 1032 810 in
1055 773 1110 811 suo

216 870 331 921 genere
346 852 522 911 laudabiles.
568 853 612 908 Ea
627 855 709 909 enim
724 855 787 908 vita
802 854 958 921 expetitur
973 869 1052 920 quae
1069 853 1110 907 sit

217 951 310 1004 animi
325 953 518 1019 corporisque
533 948 656 1019 expleta
670 947 843 1016 virtutibus,
858 950 890 1002 iu
911 965 1008 1017 eoque
1029 965 1110 1003 sum·

216 1063 300 1099 mum
315 1045 429 1101 bonum
443 1049 515 1116 poni
527 1063 652 1101 necesse
664 1051 721 1113 est,
733 1042 856 1113 quaudo
867 1041 992 1112 quidem
1003 1040 1036 1098 id
1047 1040 1110 1098 tale

219 1158 284 1196 esse
308 1139 403 1197 debet
422 1147 458 1197 ut
477 1160 579 1197 rerum
599 1138 840 1211 expetendarum
864 1142 904 1196 sit
927 1145 1107 1195 extremum.

218 1233 288 1306 Quo
314 1240 437 1306 cognito
463 1237 595 1294 dubitari
624 1256 686 1293 non
714 1242 818 1307 potest
843 1238 927 1305 quin,
953 1253 1023 1290 cum
1052 1237 1110 1304 ipsi

218 1330 356 1389 homines
377 1334 434 1389 sibi
454 1337 516 1391 sint
535 1352 590 1404 per
610 1352 642 1391 se
663 1340 696 1390 et
715 1351 769 1389 sua
788 1338 898 1402 sponte
919 1334 990 1400 cari,
1007 1337 1111 1400 partes

218 1446 338 1497 quoque
363 1435 395 1484 et
415 1433 546 1499 corporis
567 1436 600 1486 et
619 1431 713 1484 animi
733 1435 766 1485 et
786 1447 890 1484 earum
909 1445 1010 1483 rerum
1031 1444 1111 1495 quae

217 1526 336 1578 suntin
351 1527 508 1592 utriusque
523 1531 609 1580 motu
625 1530 657 1580 et
671 1530 753 1581 statu
769 1543 822 1580 sua
833 1526 959 1579 caritate
971 1520 1112 1578 colantur

157 1622 194 1672 38
218 1624 251 1673 et
265 1637 320 1687 per
335 1637 367 1674 se
382 1622 464 1689 ipsae
480 1627 672 1690 appetantur.
719 1618 837 1691 Quibus
853 1621 997 1688 expositis
1012 1616 1111 1673 facilis

218 1719 266 1769 est
280 1717 456 1771 coniectura
471 1734 506 1771 ea
520 1718 651 1772 maxime
668 1734 733 1772 esse
752 1713 926 1784 expetenda
943 1732 980 1770 ex
999 1716 1112 1769 nostris

219 1828 296 1879 quae
311 1810 476 1881 plurimum
489 1810 606 1868 habent
624 1811 793 1880 dignitatis
808 1817 843 1867 ut
861 1812 993 1880 optimae
1012 1812 1113 1866 cuius-

219 1924 278 1975 que
287 1911 382 1976 partis
392 1896 485 1977 quae¹
496 1890 552 1978 per
563 1927 594 1964 se
607 1914 769 1978 expetatur
781 1909 875 1962 virtus
886 1909 926 1962 sit
937 1903 1113 1976 expetenda

218 2005 357 2059 maxime.
404 2001 452 2059 lta
478 2002 531 2060 fiet
556 2010 591 2059 ut
615 2006 709 2059 animi
731 2005 827 2058 virtus
851 2005 982 2071 corporis
1005 2003 1112 2057 virtuti

219 2105 424 2167 anteponatur
438 2102 592 2169 animique
612 2103 741 2155 virtutes
761 2116 824 2153 non
843 2096 1026 2154 voluntarias
1046 2100 1112 2152 vin-

220 2201 292 2250 cant
306 2197 436 2250 virtutes
451 2194 649 2265 voluntariae,
669 2213 746 2264 quae
768 2193 892 2264 quidem
912 2195 1032 2263 proprie
1052 2196 1111 2248 vir-

220 2294 303 2344 tutes
327 2288 521 2359 appellantur
543 2290 735 2360 multumque
760 2288 925 2358 excellunt,
949 2295 1112 2359 propterea

220 2382 302 2452 quod
317 2402 354 2439 ex
369 2388 487 2457 ratione
502 2389 673 2455 gignuntur
692 2405 751 2456 qua
770 2382 846 2455 nihil
868 2390 915 2440 est
935 2387 967 2452 in
986 2382 1111 2451 homine

219 2476 359 2556 divinius.
405 2478 530 2536 Etenim
545 2485 680 2538 omnium
695 2501 796 2538 rerum
811 2499 885 2550 quas
903 2486 936 2536 et
956 2485 1039 2536 creat
1058 2499 1112 2548 na.-

221 2581 289 2630 tura
304 2582 337 2631 et
356 2582 473 2647 tuetur,
488 2596 566 2647 quae
587 2584 640 2634 aut
660 2581 725 2634 sine
746 2580 846 2633 animo
867 2583 940 2633 sunt
959 2581 1012 2631 aut
1031 2565 1112 2631 n0n²

222 2669 319 2727 multo
334 2691 430 2739 secus,
446 2692 550 2729 earum
564 2693 716 2730 summum
730 2673 844 2729 bonum
857 2675 891 2728 in
905 2690 1030 2742 corpore
1048 2678 1113 2739 est3

221 2773 334 2822 utnon
349 2771 458 2825 inscite
473 2768 550 2826 illud
565 2769 682 2826 dictum
697 2768 836 2832 videatur
850 2771 881 2824 in
897 2786 962 2837 sue,
975 2770 1112 2824 animum

140 2902 158 2939 0
220 2860 264 2917 illi
275 2863 385 2933 pecudi
397 2862 503 2921 datum
515 2884 569 2935 pro
580 2865 653 2935 sale,
664 2885 704 2921 ne
715 2868 891 2935 putisceret.
926 2861 1008 2934 XIV,
1033 2862 1114 2921 Sunt

421 3059 425 3086 ¹
438 3061 559 3123 Perhaps
571 3077 640 3124 quae
652 3063 772 3110 maxime
781 3068 831 3125 per
840 3077 868 3110 se
879 3061 921 3127 ed:

416 3125 488 3174 inon
499 3125 619 3191 inserted
630 3126 667 3191 by
678 3127 739 3195 edat,
902 3124 912 3128 ”

304 3208 364 3279 434.
