2332 3698
397 206 547 265 CICERO
570 206 627 263 DE
649 205 818 267 FINIBUS

162 334 293 388 maxime
302 337 433 387 nostrae.
467 327 531 385 Nos
542 332 624 386 enim
632 327 672 385 ad
680 347 764 385 sacra
776 327 869 385 Idaea
877 327 1055 400 accipienda

163 418 312 486 optImum
323 418 420 470 virum
431 412 601 482 delegimus
612 431 619 479 3
641 431 696 469 nos
709 419 827 468 tutores
837 412 965 481 regibus
977 415 1054 470 misi·

163 518 230 555 mus
241 517 248 566 ;
270 501 366 554 nostri
376 500 574 566 imperatores
585 515 639 566 pro
650 495 749 553 salute
762 498 878 566 patriae
890 514 946 552 sua
958 499 1054 566 capita

163 587 329 649 voverunt;
371 582 467 636 nostri
503 579 642 636 consules
678 598 784 649 regem
812 581 1053 636 inimicissimum

163 665 322 721 moenibus
336 667 396 720 iam
407 667 701 734 appropinquantem
712 669 898 719 monuerunt
909 683 928 719 a
937 681 1055 720 veneno

164 755 200 804 ut
221 756 361 815 caveret;
383 754 486 803 nostra
508 751 538 802 in
562 765 594 802 re
618 745 739 816 publica
764 752 797 802 et
819 764 897 815 quae
918 765 976 816 per
996 740 1075 802 vim'

163 831 299 889 oblatum
322 838 460 901 stuprum
486 829 655 886 voluntaria
679 836 777 886 morte
802 829 904 886 lueret
928 833 1055 887 inventa

166 922 213 972 est
235 922 268 972 ct
289 918 340 985 qui
363 913 455 970 filiam
476 912 663 970 interficeret
681 932 721 969 ne
743 919 953 982 stupraretur;
979 932 1055 984 quae

166 998 290 1068 quidem
309 1001 410 1054 omnia
429 1004 466 1054 et
480 995 712 1053 innumerabilia
734 1003 892 1066 praeterea
915 1000 984 1066 quis
1010 1003 1056 1054 est

165 1085 239 1152 quin
248 1080 410 1151 intellegat
421 1087 453 1137 et
463 1099 514 1136 eos
522 1083 574 1150 qui
585 1079 716 1136 fecerint
725 1079 884 1149 dignitatis
892 1079 1056 1150 splendore

135 1235 138 1241 Ι
165 1165 273 1222 ductos
289 1168 482 1221 immemores
498 1163 592 1220 fuisse
610 1163 779 1219 utilitatum
799 1182 919 1219 suarum
939 1181 1056 1234 nosque

166 1268 235 1305 cum
246 1267 282 1305 ea
292 1247 450 1305 laudemus
464 1246 549 1302 nulla
562 1246 620 1302 alia
634 1266 666 1303 re
681 1250 740 1302 nisi
753 1246 916 1303 honestate
931 1246 1026 1304 duci?

208 1331 326 1388 XXIII.
361 1317 505 1401 “Quibus
533 1330 623 1386 rebus
652 1330 786 1387 breviter
814 1333 959 1400 expositis
985 1318 1057 1399 (nec

167 1418 250 1472 enim
267 1434 333 1471 sum
353 1418 470 1485 copiam
490 1433 580 1483 quam
600 1417 695 1484 potui,
710 1417 781 1483 quia
799 1413 951 1470 dubitatio
970 1416 1004 1470 in
1024 1433 1058 1471 re

166 1497 250 1554 nulla
279 1505 353 1566 erat,
375 1484 576 1568 persecutus),
598 1497 651 1554 sed
677 1497 724 1554 his
749 1497 839 1553 rebus
864 1496 1059 1554 concluditur

166 1579 304 1651 profecto
318 1587 351 1636 et
371 1585 498 1636 virtutes
518 1598 623 1636 omnes
644 1587 676 1637 et
695 1580 859 1637 honestum
877 1579 955 1637 illud
973 1580 1058 1651 quod

168 1684 204 1721 cx
220 1668 255 1720 iis
267 1667 362 1720 oritur
373 1670 406 1720 et
416 1667 449 1719 in
459 1663 518 1719 illis
530 1662 637 1720 haeret
648 1683 703 1734 per
714 1683 746 1721 se
758 1683 823 1721 esse
836 1663 1055 1734 expetendum.

106 1747 144 1806 65
169 1747 206 1803 ln
225 1751 308 1805 omni
327 1755 430 1804 autem
450 1746 579 1825 honesto
600 1746 639 1804 de
659 1766 719 1816 quo
737 1747 889 1817 loquimur
908 1746 985 1803 nihil
1010 1755 1058 1805 est

167 1839 231 1888 tam
245 1831 362 1888 illustre
378 1851 435 1888 nec
451 1831 531 1901 quod
546 1830 637 1887 latius
652 1838 757 1900 pateat
771 1850 862 1900 quam
882 1834 1058 1888 coniunctio

167 1920 249 1972 inter
267 1915 405 1971 homines
426 1914 583 1970 hominum
603 1921 636 1970 et
655 1918 738 1984 quasi
759 1914 908 1984 quaedam
928 1919 1058 1972 societas

168 2007 201 2056 et
222 2002 455 2055 communicatio
476 1996 645 2054 utilitatum
667 2006 699 2054 et
720 2002 784 2068 ipsa
805 2000 913 2054 caritas
934 2002 1058 2068 generis

166 2082 302 2152 humani,
317 2102 394 2152 quae
409 2088 481 2137 nata
495 2102 512 2137 a
527 2084 623 2150 primo
639 2089 716 2151 satu,
731 2081 813 2151 quod
826 2100 845 2136 a
858 2085 1057 2152 procreatori-

168 2166 223 2222 bus
238 2169 303 2221 nati
318 2164 488 2235 diliguntur
502 2172 535 2220 et
549 2171 615 2220 tota
629 2164 736 2221 domus
752 2153 893 2233 coniugio
909 2171 942 2221 et
961 2168 1057 2236 stirpe

168 2247 372 2318 coniungitur,
394 2251 489 2317 serpit
508 2252 620 2304 sensim
640 2246 728 2317 foras,
748 2248 980 2316 cognationibus
997 2252 1058 2319 pri·

167 2351 261 2400 mum,
276 2338 342 2387 tum
356 2331 561 2400 affinItatibus,
577 2330 689 2402 deinde
704 2334 853 2400 amicitiis,
868 2337 939 2401 post
952 2335 1058 2389 vicini·

201 2501 214 2528 ἃ
223 2492 332 2541 Publius
342 2490 483 2540 Cornelius
493 2493 583 2556 Scipio
592 2493 703 2551 Nasica,
714 2493 823 2550 chosen,
834 2493 861 2541 in
873 2492 1022 2543 obedience
1031 2503 1060 2544 to

168 2575 204 2608 an
216 2561 316 2616 oracle,
330 2573 362 2606 as
375 2574 437 2605 man
449 2559 479 2605 of
488 2557 634 2606 blameless
644 2559 699 2616 lise,
712 2566 740 2606 to
752 2558 856 2607 recere
868 2559 914 2607 the
926 2559 1019 2623 image
1031 2561 1062 2609 of

171 2622 1058 2754 CtttitttttttIltttlilrrsibtlzttristati

168 2754 200 2802 of
215 2754 290 2816 King
304 2754 425 2817 Ptolemy
444 2754 610 2818 Epiphanes,
632 2755 674 2804 181
686 2766 753 2814 n.c.,
767 2771 800 2804 as
816 2756 953 2818 guardiam
970 2757 1002 2805 of
1016 2757 1058 2806 his

170 2834 244 2868 sons.

202 2885 281 2932 eThe
294 2884 380 2943 Decii,
395 2900 436 2947 cp.
453 2885 489 2942 ll,
502 2886 547 2933 61.'

202 2946 257 2999 dC.
270 2950 411 2998 Fabricius
422 2951 477 2999 and
490 2949 523 3014 Q.
538 2950 668 3000 Aemilius
681 2950 790 3014 Papius,
804 2952 852 3015 278
864 2963 931 3011 13.c.,
944 2953 1056 3002 warned

171 3015 635 3143 passicratirtaiflhi
648 3015 973 3148 “tarasirtt‘m·

251 3155 312 3223 466
