<?xml version="1.0" encoding="UTF-8"?>
<!DOCTYPE html PUBLIC "-//W3C//DTD XHTML 1.0 Transitional//EN"
    "http://www.w3.org/TR/xhtml1/DTD/xhtml1-transitional.dtd">
<html xmlns="http://www.w3.org/1999/xhtml" xml:lang="en" lang="en">
 <head>
  <title>
</title>
<meta http-equiv="Content-Type" content="text/html;charset=utf-8" />
  <meta name='ocr-system' content='tesseract 3.04.00' />
  <meta name='ocr-capabilities' content='ocr_page ocr_carea ocr_par ocr_line ocrx_word'/>
</head>
<body>
  <div class='ocr_page' id='page_1' title='image "./definibusbonoru03cicegoog_0111.png"; bbox 0 0 2332 3698; ppageno 0'>
   <div class='ocr_carea' id='block_1_1' title="bbox 449 217 871 279">
    <p class='ocr_par' dir='ltr' id='par_1_1' title="bbox 449 217 871 279">
     <span class='ocr_line' id='line_1_1' title="bbox 449 217 871 279; baseline 0 -1"><span class='ocrx_word' id='word_1_1' title='bbox 449 218 600 279; x_wconf 85' lang='lat' dir='ltr'>CICERO</span> <span class='ocrx_word' id='word_1_2' title='bbox 623 217 680 278; x_wconf 88' lang='lat' dir='ltr'><strong>DE</strong></span> <span class='ocrx_word' id='word_1_3' title='bbox 703 217 871 278; x_wconf 91' lang='lat' dir='ltr'>FINIBUS</span> 
     </span>
    </p>
   </div>
   <div class='ocr_carea' id='block_1_2' title="bbox 213 342 1108 797">
    <p class='ocr_par' dir='ltr' id='par_1_2' title="bbox 213 342 1108 797">
     <span class='ocr_line' id='line_1_2' title="bbox 213 342 1108 412; baseline -0.001 -12"><span class='ocrx_word' id='word_1_4' title='bbox 213 344 350 400; x_wconf 88' lang='lat' dir='ltr'><strong>sensibus</strong></span> <span class='ocrx_word' id='word_1_5' title='bbox 368 342 534 412; x_wconf 90' lang='lat' dir='ltr'><strong>confirmat,</strong></span> <span class='ocrx_word' id='word_1_6' title='bbox 552 342 584 399; x_wconf 96' lang='lat' dir='ltr'><strong>id</strong></span> <span class='ocrx_word' id='word_1_7' title='bbox 603 348 652 399; x_wconf 82' lang='lat' dir='ltr'><strong>est</strong></span> <span class='ocrx_word' id='word_1_8' title='bbox 668 345 849 412; x_wconf 82' lang='lat' dir='ltr'><strong>incorruptis</strong></span> <span class='ocrx_word' id='word_1_9' title='bbox 865 347 959 411; x_wconf 88' lang='lat' dir='ltr'><strong>atque</strong></span> <span class='ocrx_word' id='word_1_10' title='bbox 977 343 1108 412; x_wconf 77' lang='lat' dir='ltr'><strong>integris</strong></span> 
     </span>
     <span class='ocr_line' id='line_1_3' title="bbox 213 438 1107 509; baseline -0.002 -13"><span class='ocrx_word' id='word_1_11' title='bbox 213 439 353 509; x_wconf 89' lang='lat' dir='ltr'><strong>testibus,</strong></span> <span class='ocrx_word' id='word_1_12' title='bbox 365 443 389 495; x_wconf 93' lang='lat' dir='ltr'><strong>si</strong></span> <span class='ocrx_word' id='word_1_13' title='bbox 404 438 537 495; x_wconf 85' lang='lat' dir='ltr'><strong>infantes</strong></span> <span class='ocrx_word' id='word_1_14' title='bbox 551 441 648 509; x_wconf 89' lang='lat' dir='ltr'><strong>pueri,</strong></span> <span class='ocrx_word' id='word_1_15' title='bbox 660 445 764 496; x_wconf 90' lang='lat' dir='ltr'><strong>mutae</strong></span> <span class='ocrx_word' id='word_1_16' title='bbox 776 441 869 496; x_wconf 87' lang='lat' dir='ltr'><strong>eiiam</strong></span> <span class='ocrx_word' id='word_1_17' title='bbox 880 438 996 495; x_wconf 90' lang='lat' dir='ltr'><strong>bestiae</strong></span> <span class='ocrx_word' id='word_1_18' title='bbox 1007 456 1107 509; x_wconf 87' lang='lat' dir='ltr'><strong>paene</strong></span> 
     </span>
     <span class='ocr_line' id='line_1_4' title="bbox 213 532 1107 605; baseline 0 -15"><span class='ocrx_word' id='word_1_19' title='bbox 213 534 388 605; x_wconf 84' lang='lat' dir='ltr'><strong>loquuntur,</strong></span> <span class='ocrx_word' id='word_1_20' title='bbox 410 537 554 604; x_wconf 89' lang='lat' dir='ltr'><strong>magistra</strong></span> <span class='ocrx_word' id='word_1_21' title='bbox 576 553 612 591; x_wconf 92' lang='lat' dir='ltr'><strong>ac</strong></span> <span class='ocrx_word' id='word_1_22' title='bbox 631 533 709 591; x_wconf 91' lang='lat' dir='ltr'><strong>duce</strong></span> <span class='ocrx_word' id='word_1_23' title='bbox 727 541 843 604; x_wconf 83' lang='lat' dir='ltr'><strong>natura,</strong></span> <span class='ocrx_word' id='word_1_24' title='bbox 859 532 936 591; x_wconf 91' lang='lat' dir='ltr'>nihil</span> <span class='ocrx_word' id='word_1_25' title='bbox 954 552 1020 591; x_wconf 92' lang='lat' dir='ltr'><strong>esse</strong></span> <span class='ocrx_word' id='word_1_26' title='bbox 1037 552 1107 604; x_wconf 90' lang='lat' dir='ltr'><strong>pro-</strong></span> 
     </span>
     <span class='ocr_line' id='line_1_5' title="bbox 213 628 1106 702; baseline -0.002 -15"><span class='ocrx_word' id='word_1_27' title='bbox 213 650 335 701; x_wconf 86' lang='lat' dir='ltr'><strong>sperum</strong></span> <span class='ocrx_word' id='word_1_28' title='bbox 354 634 413 688; x_wconf 89' lang='lat' dir='ltr'><strong>nisi</strong></span> <span class='ocrx_word' id='word_1_29' title='bbox 428 629 628 702; x_wconf 83' lang='lat' dir='ltr'><strong>voluptatem,</strong></span> <span class='ocrx_word' id='word_1_30' title='bbox 642 629 718 687; x_wconf 90' lang='lat' dir='ltr'><strong>nihil</strong></span> <span class='ocrx_word' id='word_1_31' title='bbox 733 649 873 702; x_wconf 89' lang='lat' dir='ltr'><strong>asperum</strong></span> <span class='ocrx_word' id='word_1_32' title='bbox 888 633 945 686; x_wconf 92' lang='lat' dir='ltr'><strong>nisi</strong></span> <span class='ocrx_word' id='word_1_33' title='bbox 960 628 1106 699; x_wconf 90' lang='lat' dir='ltr'><strong>dolorem,</strong></span> 
     </span>
     <span class='ocr_line' id='line_1_6' title="bbox 214 725 1108 797; baseline -0.001 -14"><span class='ocrx_word' id='word_1_34' title='bbox 214 725 253 783; x_wconf 94' lang='lat' dir='ltr'><strong>de</strong></span> <span class='ocrx_word' id='word_1_35' title='bbox 268 727 377 797; x_wconf 93' lang='lat' dir='ltr'><strong>quibus</strong></span> <span class='ocrx_word' id='word_1_36' title='bbox 391 745 491 796; x_wconf 90' lang='lat' dir='ltr'><strong>neque</strong></span> <span class='ocrx_word' id='word_1_37' title='bbox 506 726 670 797; x_wconf 85' lang='lat' dir='ltr'><strong>depravate</strong></span> <span class='ocrx_word' id='word_1_38' title='bbox 685 726 821 783; x_wconf 88' lang='lat' dir='ltr'><strong>iudicant</strong></span> <span class='ocrx_word' id='word_1_39' title='bbox 835 744 936 797; x_wconf 90' lang='lat' dir='ltr'><strong>neque</strong></span> <span class='ocrx_word' id='word_1_40' title='bbox 955 731 1108 795; x_wconf 79' lang='lat' dir='ltr'><strong>corrupte,</strong></span> 
     </span>
    </p>
   </div>
   <div class='ocr_carea' id='block_1_3' title="bbox 130 819 1111 2984">
    <p class='ocr_par' dir='ltr' id='par_1_3' title="bbox 130 819 1111 2984">
     <span class='ocr_line' id='line_1_7' title="bbox 214 819 1107 892; baseline -0.001 -15"><span class='ocrx_word' id='word_1_41' title='bbox 214 841 316 878; x_wconf 90' lang='lat' dir='ltr'><strong>nonne</strong></span> <span class='ocrx_word' id='word_1_42' title='bbox 332 826 360 879; x_wconf 92' lang='lat' dir='ltr'><strong>ei</strong></span> <span class='ocrx_word' id='word_1_43' title='bbox 374 825 536 879; x_wconf 83' lang='lat' dir='ltr'><strong>maximam</strong></span> <span class='ocrx_word' id='word_1_44' title='bbox 550 825 679 891; x_wconf 82' lang='lat' dir='ltr'><strong>gratiam</strong></span> <span class='ocrx_word' id='word_1_45' title='bbox 693 820 807 878; x_wconf 90' lang='lat' dir='ltr'><strong>habere</strong></span> <span class='ocrx_word' id='word_1_46' title='bbox 821 821 969 879; x_wconf 88' lang='lat' dir='ltr'>debemus</span> <span class='ocrx_word' id='word_1_47' title='bbox 983 824 1036 892; x_wconf 94' lang='lat' dir='ltr'><strong>qui</strong></span> <span class='ocrx_word' id='word_1_48' title='bbox 1049 819 1107 877; x_wconf 89' lang='lat' dir='ltr'><strong>hac</strong></span> 
     </span>
     <span class='ocr_line' id='line_1_8' title="bbox 214 916 1107 990; baseline -0.001 -15"><span class='ocrx_word' id='word_1_49' title='bbox 214 917 357 975; x_wconf 85' lang='lat' dir='ltr'><strong>exaudita</strong></span> <span class='ocrx_word' id='word_1_50' title='bbox 368 921 453 990; x_wconf 80' lang='lat' dir='ltr'><strong>quasi</strong></span> <span class='ocrx_word' id='word_1_51' title='bbox 463 937 537 975; x_wconf 90' lang='lat' dir='ltr'><strong>voce</strong></span> <span class='ocrx_word' id='word_1_52' title='bbox 548 924 674 975; x_wconf 84' lang='lat' dir='ltr'><strong>naturae</strong></span> <span class='ocrx_word' id='word_1_53' title='bbox 686 921 728 975; x_wconf 89' lang='lat' dir='ltr'><strong>sic</strong></span> <span class='ocrx_word' id='word_1_54' title='bbox 739 936 808 975; x_wconf 90' lang='lat' dir='ltr'><strong>eam</strong></span> <span class='ocrx_word' id='word_1_55' title='bbox 818 916 903 974; x_wconf 89' lang='lat' dir='ltr'><strong>firme</strong></span> <span class='ocrx_word' id='word_1_56' title='bbox 913 921 1107 988; x_wconf 81' lang='lat' dir='ltr'><strong>graviterque</strong></span> 
     </span>
     <span class='ocr_line' id='line_1_9' title="bbox 214 1011 1108 1084; baseline 0 -14"><span class='ocrx_word' id='word_1_57' title='bbox 214 1012 480 1084; x_wconf 84' lang='lat' dir='ltr'><strong>comprehenderit</strong></span> <span class='ocrx_word' id='word_1_58' title='bbox 494 1020 529 1081; x_wconf 77' lang='lat' dir='ltr'><strong>ut</strong></span> <span class='ocrx_word' id='word_1_59' title='bbox 543 1032 648 1070; x_wconf 90' lang='lat' dir='ltr'><strong>omnes</strong></span> <span class='ocrx_word' id='word_1_60' title='bbox 665 1014 745 1070; x_wconf 91' lang='lat' dir='ltr'><strong>bene</strong></span> <span class='ocrx_word' id='word_1_61' title='bbox 763 1032 850 1070; x_wconf 89' lang='lat' dir='ltr'><strong>sanos</strong></span> <span class='ocrx_word' id='word_1_62' title='bbox 864 1017 897 1070; x_wconf 93' lang='lat' dir='ltr'><strong>in</strong></span> <span class='ocrx_word' id='word_1_63' title='bbox 911 1017 990 1070; x_wconf 88' lang='lat' dir='ltr'><strong>viam</strong></span> <span class='ocrx_word' id='word_1_64' title='bbox 1008 1011 1108 1083; x_wconf 86' lang='lat' dir='ltr'><strong>placa·</strong></span> 
     </span>
     <span class='ocr_line' id='line_1_10' title="bbox 214 1107 1108 1181; baseline -0.002 -14"><span class='ocrx_word' id='word_1_65' title='bbox 214 1116 274 1180; x_wconf 87' lang='lat' dir='ltr'><strong>tae,</strong></span> <span class='ocrx_word' id='word_1_66' title='bbox 300 1109 491 1181; x_wconf 83' lang='lat' dir='ltr'><strong>tranquillae,</strong></span> <span class='ocrx_word' id='word_1_67' title='bbox 516 1113 648 1180; x_wconf 90' lang='lat' dir='ltr'><strong>quietae,</strong></span> <span class='ocrx_word' id='word_1_68' title='bbox 677 1110 785 1167; x_wconf 90' lang='lat' dir='ltr'><strong>beatae</strong></span> <span class='ocrx_word' id='word_1_69' title='bbox 810 1113 891 1167; x_wconf 83' lang='lat' dir='ltr'><strong>vitae</strong></span> <span class='ocrx_word' id='word_1_70' title='bbox 920 1107 1108 1166; x_wconf 83' lang='lat' dir='ltr'><strong>deduceret?</strong></span> 
     </span>
     <span class='ocr_line' id='line_1_11' title="bbox 215 1204 1109 1277; baseline -0.002 -14"><span class='ocrx_word' id='word_1_71' title='bbox 215 1205 276 1277; x_wconf 86' lang='lat' dir='ltr'><strong>Qui</strong></span> <span class='ocrx_word' id='word_1_72' title='bbox 297 1206 379 1277; x_wconf 92' lang='lat' dir='ltr'><strong>quod</strong></span> <span class='ocrx_word' id='word_1_73' title='bbox 399 1207 457 1263; x_wconf 89' lang='lat' dir='ltr'><strong>tibi</strong></span> <span class='ocrx_word' id='word_1_74' title='bbox 475 1225 581 1277; x_wconf 91' lang='lat' dir='ltr'><strong>parum</strong></span> <span class='ocrx_word' id='word_1_75' title='bbox 596 1205 717 1262; x_wconf 89' lang='lat' dir='ltr'><strong>videtur</strong></span> <span class='ocrx_word' id='word_1_76' title='bbox 739 1204 885 1275; x_wconf 81' lang='lat' dir='ltr'><strong>erudituS,</strong></span> <span class='ocrx_word' id='word_1_77' title='bbox 901 1224 938 1263; x_wconf 91' lang='lat' dir='ltr'><strong>ea</strong></span> <span class='ocrx_word' id='word_1_78' title='bbox 954 1224 1044 1261; x_wconf 89' lang='lat' dir='ltr'><strong>causa</strong></span> <span class='ocrx_word' id='word_1_79' title='bbox 1060 1210 1109 1262; x_wconf 92' lang='lat' dir='ltr'><strong>est</strong></span> 
     </span>
     <span class='ocr_line' id='line_1_12' title="bbox 214 1300 1108 1373; baseline 0 -15"><span class='ocrx_word' id='word_1_80' title='bbox 214 1302 296 1373; x_wconf 92' lang='lat' dir='ltr'><strong>quod</strong></span> <span class='ocrx_word' id='word_1_81' title='bbox 310 1301 425 1358; x_wconf 93' lang='lat' dir='ltr'><strong>nullam</strong></span> <span class='ocrx_word' id='word_1_82' title='bbox 439 1301 644 1358; x_wconf 91' lang='lat' dir='ltr'><strong>eruditionem</strong></span> <span class='ocrx_word' id='word_1_83' title='bbox 658 1319 724 1358; x_wconf 93' lang='lat' dir='ltr'><strong>esse</strong></span> <span class='ocrx_word' id='word_1_84' title='bbox 738 1300 827 1357; x_wconf 86' lang='lat' dir='ltr'><strong>duxit</strong></span> <span class='ocrx_word' id='word_1_85' title='bbox 840 1304 898 1358; x_wconf 91' lang='lat' dir='ltr'><strong>nisi</strong></span> <span class='ocrx_word' id='word_1_86' title='bbox 909 1320 987 1371; x_wconf 90' lang='lat' dir='ltr'><strong>quae</strong></span> <span class='ocrx_word' id='word_1_87' title='bbox 999 1301 1108 1358; x_wconf 84' lang='lat' dir='ltr'><strong>beatae</strong></span> 
     </span>
     <span class='ocr_line' id='line_1_13' title="bbox 155 1395 1108 1467; baseline -0.003 -10"><span class='ocrx_word' id='word_1_88' title='bbox 155 1401 193 1458; x_wconf 80' lang='lat'><strong>72</strong></span> <span class='ocrx_word' id='word_1_89' title='bbox 215 1401 295 1454; x_wconf 87' lang='lat' dir='ltr'><strong>vitae</strong></span> <span class='ocrx_word' id='word_1_90' title='bbox 320 1396 510 1467; x_wconf 89' lang='lat' dir='ltr'><strong>disciplinam</strong></span> <span class='ocrx_word' id='word_1_91' title='bbox 534 1401 659 1453; x_wconf 85' lang='lat' dir='ltr'><strong>iuvaret.</strong></span> <span class='ocrx_word' id='word_1_92' title='bbox 704 1395 755 1452; x_wconf 85' lang='lat' dir='ltr'><strong>An</strong></span> <span class='ocrx_word' id='word_1_93' title='bbox 779 1395 831 1454; x_wconf 92' lang='lat' dir='ltr'><strong>ille</strong></span> <span class='ocrx_word' id='word_1_94' title='bbox 857 1403 978 1467; x_wconf 86' lang='lat' dir='ltr'><strong>tempus</strong></span> <span class='ocrx_word' id='word_1_95' title='bbox 1001 1399 1108 1454; x_wconf 90' lang='lat' dir='ltr'><strong>autin</strong></span> 
     </span>
     <span class='ocr_line' id='line_1_14' title="bbox 215 1490 1109 1564; baseline -0.001 -15"><span class='ocrx_word' id='word_1_96' title='bbox 215 1495 313 1564; x_wconf 89' lang='lat' dir='ltr'><strong>poetis</strong></span> <span class='ocrx_word' id='word_1_97' title='bbox 338 1490 522 1560; x_wconf 89' lang='lat' dir='ltr'><strong>evolvendis,</strong></span> <span class='ocrx_word' id='word_1_98' title='bbox 547 1499 583 1548; x_wconf 90' lang='lat' dir='ltr'><strong>ut</strong></span> <span class='ocrx_word' id='word_1_99' title='bbox 608 1509 666 1561; x_wconf 87' lang='lat' dir='ltr'><strong>ego</strong></span> <span class='ocrx_word' id='word_1_100' title='bbox 689 1499 722 1548; x_wconf 90' lang='lat' dir='ltr'><strong>et</strong></span> <span class='ocrx_word' id='word_1_101' title='bbox 744 1491 875 1549; x_wconf 91' lang='lat' dir='ltr'><strong>Triarius</strong></span> <span class='ocrx_word' id='word_1_102' title='bbox 896 1499 929 1548; x_wconf 90' lang='lat' dir='ltr'><strong>te</strong></span> <span class='ocrx_word' id='word_1_103' title='bbox 952 1491 1109 1549; x_wconf 86' lang='lat' dir='ltr'><strong>hortatore</strong></span> 
     </span>
     <span class='ocr_line' id='line_1_15' title="bbox 215 1586 1109 1658; baseline 0.001 -14"><span class='ocrx_word' id='word_1_104' title='bbox 215 1587 351 1657; x_wconf 77' lang='lat' dir='ltr'><strong>facimuS,</strong></span> <span class='ocrx_word' id='word_1_105' title='bbox 368 1595 570 1658; x_wconf 89' lang='lat' dir='ltr'><strong>consumeret,</strong></span> <span class='ocrx_word' id='word_1_106' title='bbox 588 1590 621 1644; x_wconf 92' lang='lat' dir='ltr'><strong>in</strong></span> <span class='ocrx_word' id='word_1_107' title='bbox 642 1587 750 1657; x_wconf 93' lang='lat' dir='ltr'><strong>quibus</strong></span> <span class='ocrx_word' id='word_1_108' title='bbox 771 1587 855 1645; x_wconf 90' lang='lat' dir='ltr'><strong>nulla</strong></span> <span class='ocrx_word' id='word_1_109' title='bbox 876 1587 971 1645; x_wconf 90' lang='lat' dir='ltr'><strong>solida</strong></span> <span class='ocrx_word' id='word_1_110' title='bbox 992 1586 1109 1645; x_wconf 82' lang='lat' dir='ltr'><strong>utilitas</strong></span> 
     </span>
     <span class='ocr_line' id='line_1_16' title="bbox 216 1682 1109 1755; baseline -0.002 -14"><span class='ocrx_word' id='word_1_111' title='bbox 216 1687 374 1755; x_wconf 90' lang='lat' dir='ltr'><strong>omnisque</strong></span> <span class='ocrx_word' id='word_1_112' title='bbox 391 1683 515 1755; x_wconf 89' lang='lat' dir='ltr'><strong>puerilis</strong></span> <span class='ocrx_word' id='word_1_113' title='bbox 530 1690 577 1740; x_wconf 83' lang='lat' dir='ltr'><strong>est</strong></span> <span class='ocrx_word' id='word_1_114' title='bbox 592 1682 767 1753; x_wconf 83' lang='lat' dir='ltr'><strong>delectatio,</strong></span> <span class='ocrx_word' id='word_1_115' title='bbox 782 1691 835 1740; x_wconf 84' lang='lat' dir='ltr'><strong>aut</strong></span> <span class='ocrx_word' id='word_1_116' title='bbox 852 1702 895 1753; x_wconf 90' lang='lat' dir='ltr'><strong>se,</strong></span> <span class='ocrx_word' id='word_1_117' title='bbox 910 1691 946 1741; x_wconf 90' lang='lat' dir='ltr'><strong>ut</strong></span> <span class='ocrx_word' id='word_1_118' title='bbox 964 1683 1060 1752; x_wconf 85' lang='lat' dir='ltr'><strong>Plato,</strong></span> <span class='ocrx_word' id='word_1_119' title='bbox 1076 1687 1109 1739; x_wconf 93' lang='lat' dir='ltr'><strong>in</strong></span> 
     </span>
     <span class='ocr_line' id='line_1_17' title="bbox 216 1782 1109 1852; baseline -0.002 -15"><span class='ocrx_word' id='word_1_120' title='bbox 216 1783 346 1851; x_wconf 90' lang='lat' dir='ltr'><strong>musicis,</strong></span> <span class='ocrx_word' id='word_1_121' title='bbox 363 1783 541 1852; x_wconf 85' lang='lat' dir='ltr'><strong>geometria,</strong></span> <span class='ocrx_word' id='word_1_122' title='bbox 559 1782 703 1849; x_wconf 91' lang='lat' dir='ltr'><strong>numeris,</strong></span> <span class='ocrx_word' id='word_1_123' title='bbox 720 1783 807 1836; x_wconf 87' lang='lat' dir='ltr'><strong>astris</strong></span> <span class='ocrx_word' id='word_1_124' title='bbox 829 1786 1012 1849; x_wconf 82' lang='lat' dir='ltr'><strong>contereret,</strong></span> <span class='ocrx_word' id='word_1_125' title='bbox 1030 1798 1109 1849; x_wconf 89' lang='lat' dir='ltr'><strong>quae</strong></span> 
     </span>
     <span class='ocr_line' id='line_1_18' title="bbox 216 1876 1109 1948; baseline -0.003 -13"><span class='ocrx_word' id='word_1_126' title='bbox 216 1885 249 1935; x_wconf 85' lang='lat' dir='ltr'><strong>et</strong></span> <span class='ocrx_word' id='word_1_127' title='bbox 263 1897 280 1932; x_wconf 91' lang='lat' dir='ltr'><strong>a</strong></span> <span class='ocrx_word' id='word_1_128' title='bbox 295 1877 377 1934; x_wconf 86' lang='lat' dir='ltr'><strong>falsis</strong></span> <span class='ocrx_word' id='word_1_129' title='bbox 391 1880 485 1933; x_wconf 87' lang='lat' dir='ltr'><strong>initiis</strong></span> <span class='ocrx_word' id='word_1_130' title='bbox 499 1876 636 1948; x_wconf 83' lang='lat' dir='ltr'><strong>profecta</strong></span> <span class='ocrx_word' id='word_1_131' title='bbox 651 1895 722 1933; x_wconf 90' lang='lat' dir='ltr'><strong>vera</strong></span> <span class='ocrx_word' id='word_1_132' title='bbox 737 1894 879 1933; x_wconf 88' lang='lat' dir='ltr'><strong>essenon</strong></span> <span class='ocrx_word' id='word_1_133' title='bbox 894 1881 1021 1946; x_wconf 82' lang='lat' dir='ltr'><strong>possunt</strong></span> <span class='ocrx_word' id='word_1_134' title='bbox 1037 1881 1069 1931; x_wconf 87' lang='lat' dir='ltr'><strong>ei</strong></span> <span class='ocrx_word' id='word_1_135' title='bbox 1084 1878 1109 1932; x_wconf 93' lang='lat' dir='ltr'><strong>si</strong></span> 
     </span>
     <span class='ocr_line' id='line_1_19' title="bbox 217 1961 1110 2042; baseline -0.001 -13"><span class='ocrx_word' id='word_1_136' title='bbox 217 1961 323 2030; x_wconf 75' lang='lat' dir='ltr'><strong>essent</strong></span> <span class='ocrx_word' id='word_1_137' title='bbox 336 1992 407 2029; x_wconf 90' lang='lat' dir='ltr'><strong>vera</strong></span> <span class='ocrx_word' id='word_1_138' title='bbox 424 1970 500 2028; x_wconf 92' lang='lat' dir='ltr'><strong>nihil</strong></span> <span class='ocrx_word' id='word_1_139' title='bbox 517 1971 661 2028; x_wconf 79' lang='lat' dir='ltr'><strong>alienent</strong></span> <span class='ocrx_word' id='word_1_140' title='bbox 678 1990 738 2041; x_wconf 94' lang='lat' dir='ltr'><strong>quo</strong></span> <span class='ocrx_word' id='word_1_141' title='bbox 755 1971 925 2041; x_wconf 92' lang='lat' dir='ltr'><strong>iucundius,</strong></span> <span class='ocrx_word' id='word_1_142' title='bbox 940 1971 972 2028; x_wconf 95' lang='lat' dir='ltr'><strong>id</strong></span> <span class='ocrx_word' id='word_1_143' title='bbox 987 1978 1034 2028; x_wconf 91' lang='lat' dir='ltr'><strong>est</strong></span> <span class='ocrx_word' id='word_1_144' title='bbox 1049 1990 1110 2042; x_wconf 93' lang='lat' dir='ltr'><strong>quo</strong></span> 
     </span>
     <span class='ocr_line' id='line_1_20' title="bbox 216 2063 1110 2134; baseline -0.003 -13"><span class='ocrx_word' id='word_1_145' title='bbox 216 2063 324 2121; x_wconf 92' lang='lat' dir='ltr'><strong>melius</strong></span> <span class='ocrx_word' id='word_1_146' title='bbox 341 2067 525 2131; x_wconf 83' lang='lat' dir='ltr'><strong>viveremus3</strong></span> <span class='ocrx_word' id='word_1_147' title='bbox 540 2097 580 2104; x_wconf 96' lang='lat'><strong>—</strong></span> <span class='ocrx_word' id='word_1_148' title='bbox 596 2081 646 2120; x_wconf 91' lang='lat' dir='ltr'><strong>eas</strong></span> <span class='ocrx_word' id='word_1_149' title='bbox 668 2081 741 2132; x_wconf 87' lang='lat' dir='ltr'><strong>ergo</strong></span> <span class='ocrx_word' id='word_1_150' title='bbox 762 2070 843 2121; x_wconf 89' lang='lat' dir='ltr'><strong>artes</strong></span> <span class='ocrx_word' id='word_1_151' title='bbox 864 2069 1110 2134; x_wconf 86' lang='lat' dir='ltr'><strong>persequeretur,</strong></span> 
     </span>
     <span class='ocr_line' id='line_1_21' title="bbox 216 2158 1110 2230; baseline -0.001 -13"><span class='ocrx_word' id='word_1_152' title='bbox 216 2159 336 2218; x_wconf 90' lang='lat' dir='ltr'><strong>vivendi</strong></span> <span class='ocrx_word' id='word_1_153' title='bbox 355 2168 454 2217; x_wconf 84' lang='lat' dir='ltr'><strong>artem</strong></span> <span class='ocrx_word' id='word_1_154' title='bbox 470 2166 589 2216; x_wconf 87' lang='lat' dir='ltr'><strong>tantam</strong></span> <span class='ocrx_word' id='word_1_155' title='bbox 608 2166 732 2228; x_wconf 84' lang='lat' dir='ltr'><strong>tamque</strong></span> <span class='ocrx_word' id='word_1_156' title='bbox 751 2177 908 2230; x_wconf 90' lang='lat' dir='ltr'><strong>operosam</strong></span> <span class='ocrx_word' id='word_1_157' title='bbox 928 2165 961 2216; x_wconf 90' lang='lat' dir='ltr'><strong>et</strong></span> <span class='ocrx_word' id='word_1_158' title='bbox 981 2158 1110 2230; x_wconf 85' lang='lat' dir='ltr'><strong>perinde</strong></span> 
     </span>
     <span class='ocr_line' id='line_1_22' title="bbox 130 2255 1110 2336; baseline 0 -23"><span class='ocrx_word' id='word_1_159' title='bbox 130 2333 132 2336; x_wconf 12' lang='lat' dir='ltr'>v</span> <span class='ocrx_word' id='word_1_160' title='bbox 216 2256 401 2313; x_wconf 84' lang='lat' dir='ltr'><strong>fructuosam</strong></span> <span class='ocrx_word' id='word_1_161' title='bbox 415 2255 620 2327; x_wconf 81' lang='lat' dir='ltr'><strong>relinqueret?</strong></span> <span class='ocrx_word' id='word_1_162' title='bbox 663 2255 734 2312; x_wconf 91' lang='lat' dir='ltr'><strong>Non</strong></span> <span class='ocrx_word' id='word_1_163' title='bbox 752 2274 825 2326; x_wconf 86' lang='lat' dir='ltr'><strong>ergo</strong></span> <span class='ocrx_word' id='word_1_164' title='bbox 843 2255 990 2327; x_wconf 89' lang='lat' dir='ltr'><strong>Epicums</strong></span> <span class='ocrx_word' id='word_1_165' title='bbox 1008 2258 1110 2313; x_wconf 89' lang='lat' dir='ltr'><strong>ineru-</strong></span> 
     </span>
     <span class='ocr_line' id='line_1_23' title="bbox 216 2350 1110 2422; baseline -0.001 -13"><span class='ocrx_word' id='word_1_166' title='bbox 216 2352 308 2422; x_wconf 85' lang='lat' dir='ltr'><strong>ditus,</strong></span> <span class='ocrx_word' id='word_1_167' title='bbox 329 2351 383 2409; x_wconf 91' lang='lat' dir='ltr'><strong>sed</strong></span> <span class='ocrx_word' id='word_1_168' title='bbox 402 2355 424 2408; x_wconf 94' lang='lat' dir='ltr'><strong>ii</strong></span> <span class='ocrx_word' id='word_1_169' title='bbox 443 2352 559 2409; x_wconf 83' lang='lat' dir='ltr'><strong>indocti</strong></span> <span class='ocrx_word' id='word_1_170' title='bbox 578 2355 631 2422; x_wconf 94' lang='lat' dir='ltr'><strong>qui</strong></span> <span class='ocrx_word' id='word_1_171' title='bbox 650 2370 727 2421; x_wconf 90' lang='lat' dir='ltr'><strong>quae</strong></span> <span class='ocrx_word' id='word_1_172' title='bbox 750 2370 859 2422; x_wconf 91' lang='lat' dir='ltr'><strong>pueros</strong></span> <span class='ocrx_word' id='word_1_173' title='bbox 882 2370 944 2408; x_wconf 92' lang='lat' dir='ltr'><strong>non</strong></span> <span class='ocrx_word' id='word_1_174' title='bbox 967 2350 1110 2408; x_wconf 90' lang='lat' dir='ltr'><strong>didicisse</strong></span> 
     </span>
     <span class='ocr_line' id='line_1_24' title="bbox 216 2446 1110 2519; baseline -0.002 -14"><span class='ocrx_word' id='word_1_175' title='bbox 216 2455 306 2519; x_wconf 90' lang='lat' dir='ltr'><strong>turpe</strong></span> <span class='ocrx_word' id='word_1_176' title='bbox 328 2454 375 2504; x_wconf 87' lang='lat' dir='ltr'><strong>esi</strong></span> <span class='ocrx_word' id='word_1_177' title='bbox 394 2467 430 2504; x_wconf 90' lang='lat' dir='ltr'><strong>ea</strong></span> <span class='ocrx_word' id='word_1_178' title='bbox 449 2455 560 2518; x_wconf 89' lang='lat' dir='ltr'><strong>putant</strong></span> <span class='ocrx_word' id='word_1_179' title='bbox 579 2466 674 2517; x_wconf 90' lang='lat' dir='ltr'><strong>usque</strong></span> <span class='ocrx_word' id='word_1_180' title='bbox 696 2446 735 2503; x_wconf 90' lang='lat' dir='ltr'><strong>ad</strong></span> <span class='ocrx_word' id='word_1_181' title='bbox 758 2454 950 2505; x_wconf 82' lang='lat' dir='ltr'><strong>senectutem</strong></span> <span class='ocrx_word' id='word_1_182' title='bbox 973 2466 1039 2504; x_wconf 90' lang='lat' dir='ltr'><strong>esse</strong></span> <span class='ocrx_word' id='word_1_183' title='bbox 1064 2446 1110 2504; x_wconf 95' lang='lat' dir='ltr'><strong>di-</strong></span> 
     </span>
     <span class='ocr_line' id='line_1_25' title="bbox 216 2528 1109 2614; baseline -0.003 -13"><span class='ocrx_word' id='word_1_184' title='bbox 216 2542 357 2601; x_wconf 89' lang='lat' dir='ltr'><strong>scenda.”</strong></span> <span class='ocrx_word' id='word_1_185' title='bbox 401 2541 488 2613; x_wconf 86' lang='lat' dir='ltr'><strong>Quae</strong></span> <span class='ocrx_word' id='word_1_186' title='bbox 509 2562 578 2600; x_wconf 89' lang='lat' dir='ltr'><strong>cum</strong></span> <span class='ocrx_word' id='word_1_187' title='bbox 600 2542 735 2613; x_wconf 88' lang='lat' dir='ltr'><strong>dixisset,</strong></span> <span class='ocrx_word' id='word_1_188' title='bbox 762 2528 972 2614; x_wconf 80' lang='lat' dir='ltr'><strong>“Explicavi,&#39;’</strong></span> <span class='ocrx_word' id='word_1_189' title='bbox 999 2546 1109 2613; x_wconf 89' lang='lat' dir='ltr'><strong>inquit,</strong></span> 
     </span>
     <span class='ocr_line' id='line_1_26' title="bbox 218 2625 1110 2708; baseline -0.002 -12"><span class='ocrx_word' id='word_1_190' title='bbox 218 2625 428 2697; x_wconf 82' lang='lat' dir='ltr'><strong>“sententiam</strong></span> <span class='ocrx_word' id='word_1_191' title='bbox 455 2659 555 2696; x_wconf 92' lang='lat' dir='ltr'><strong>meam</strong></span> <span class='ocrx_word' id='word_1_192' title='bbox 584 2645 617 2695; x_wconf 90' lang='lat' dir='ltr'><strong>et</strong></span> <span class='ocrx_word' id='word_1_193' title='bbox 646 2657 683 2696; x_wconf 90' lang='lat' dir='ltr'><strong>eo</strong></span> <span class='ocrx_word' id='word_1_194' title='bbox 711 2638 835 2708; x_wconf 92' lang='lat' dir='ltr'><strong>quidem</strong></span> <span class='ocrx_word' id='word_1_195' title='bbox 864 2637 998 2708; x_wconf 91' lang='lat' dir='ltr'><strong>consilio,</strong></span> <span class='ocrx_word' id='word_1_196' title='bbox 1021 2644 1110 2695; x_wconf 89' lang='lat' dir='ltr'><strong>tuum</strong></span> 
     </span>
     <span class='ocr_line' id='line_1_27' title="bbox 217 2733 1110 2806; baseline -0.001 -14"><span class='ocrx_word' id='word_1_197' title='bbox 217 2735 361 2792; x_wconf 88' lang='lat' dir='ltr'><strong>iudicium</strong></span> <span class='ocrx_word' id='word_1_198' title='bbox 380 2741 416 2791; x_wconf 85' lang='lat' dir='ltr'><strong>ut</strong></span> <span class='ocrx_word' id='word_1_199' title='bbox 435 2754 659 2806; x_wconf 87' lang='lat' dir='ltr'><strong>cognoscerem,</strong></span> <span class='ocrx_word' id='word_1_200' title='bbox 678 2753 755 2806; x_wconf 92' lang='lat' dir='ltr'><strong>quae</strong></span> <span class='ocrx_word' id='word_1_201' title='bbox 775 2734 850 2791; x_wconf 92' lang='lat' dir='ltr'><strong>mihi</strong></span> <span class='ocrx_word' id='word_1_202' title='bbox 870 2733 1008 2803; x_wconf 87' lang='lat' dir='ltr'><strong>facultas,</strong></span> <span class='ocrx_word' id='word_1_203' title='bbox 1025 2740 1060 2790; x_wconf 89' lang='lat' dir='ltr'><strong>ut</strong></span> <span class='ocrx_word' id='word_1_204' title='bbox 1078 2734 1110 2791; x_wconf 93' lang='lat' dir='ltr'><strong>id</strong></span> 
     </span>
     <span class='ocr_line' id='line_1_28' title="bbox 217 2828 1111 2900; baseline 0 -14"><span class='ocrx_word' id='word_1_205' title='bbox 217 2850 286 2887; x_wconf 90' lang='lat' dir='ltr'><strong>meo</strong></span> <span class='ocrx_word' id='word_1_206' title='bbox 307 2830 454 2887; x_wconf 84' lang='lat' dir='ltr'><strong>arbitratu</strong></span> <span class='ocrx_word' id='word_1_207' title='bbox 471 2828 613 2900; x_wconf 87' lang='lat' dir='ltr'><strong>facerem,</strong></span> <span class='ocrx_word' id='word_1_208' title='bbox 632 2837 705 2887; x_wconf 90' lang='lat' dir='ltr'><strong>ante</strong></span> <span class='ocrx_word' id='word_1_209' title='bbox 725 2829 784 2886; x_wconf 91' lang='lat' dir='ltr'><strong>hoc</strong></span> <span class='ocrx_word' id='word_1_210' title='bbox 803 2837 925 2900; x_wconf 84' lang='lat' dir='ltr'><strong>tempus</strong></span> <span class='ocrx_word' id='word_1_211' title='bbox 945 2847 1111 2898; x_wconf 85' lang='lat' dir='ltr'><strong>numquam</strong></span> 
     </span>
     <span class='ocr_line' id='line_1_29' title="bbox 218 2925 382 2984; baseline -0.006 -1"><span class='ocrx_word' id='word_1_212' title='bbox 218 2933 266 2984; x_wconf 88' lang='lat' dir='ltr'><strong>est</strong></span> <span class='ocrx_word' id='word_1_213' title='bbox 282 2925 382 2983; x_wconf 85' lang='lat' dir='ltr'><strong>data.”</strong></span> 
     </span>
    </p>
   </div>
   <div class='ocr_carea' id='block_1_4' title="bbox 303 3186 341 3243">
    <p class='ocr_par' dir='ltr' id='par_1_4' title="bbox 303 3186 341 3243">
     <span class='ocr_line' id='line_1_30' title="bbox 303 3186 341 3243; baseline -0.132 0"><span class='ocrx_word' id='word_1_214' title='bbox 303 3186 341 3243; x_wconf 82' lang='lat'><strong>74</strong></span> 
     </span>
    </p>
   </div>
   <div class='ocr_carea' id='block_1_5' title="bbox 0 0 1176 3698">
    <p class='ocr_par' dir='ltr' id='par_1_5' title="bbox 0 0 1176 3698">
     <span class='ocr_line' id='line_1_31' title="bbox 0 0 1176 3698; baseline 0 0"><span class='ocrx_word' id='word_1_215' title='bbox 0 0 1176 3698; x_wconf 95' lang='lat' dir='ltr'><strong> </strong></span> 
     </span>
    </p>
   </div>
  </div>
 </body>
</html>
