2332 3698
463 242 614 302 CICERO
637 242 694 300 DE
717 241 885 302 FINIBUS

228 365 359 423 solemus
373 352 489 433 dicere)
503 363 700 434 crediderint,
712 367 776 420 eius
788 368 840 434 qui
851 363 981 422 honeste
992 369 1118 437 viveret,

228 460 254 512 si
273 455 355 512 idem
375 459 468 511 etiam
493 454 572 510 bene
592 453 718 523 valeret,
739 454 817 510 bene
837 454 966 525 audiret,
982 460 1119 526 copiosus

228 550 319 613 esset,
331 542 542 613 optabiliorem
556 542 621 599 fore
635 547 729 599 vitam
744 541 963 613 melioremque
978 551 1011 601 et
1024 549 1120 614 magis

229 631 433 703 expetendam
448 651 538 702 quam
552 630 633 688 illius
647 635 708 702 qui,
723 650 820 702 aeque
834 633 1000 704 virbonus,
1015 633 1119 690 multis

228 721 326 778 modis
341 728 432 791 esset,
447 727 483 777 ut
494 720 575 776 Enni
590 719 745 791 Alcmaeo,

320 827 558 898 ‘circumventus
572 841 687 911 morbo,
703 840 809 898 exsilio
822 848 915 912 atque
929 842 1051 914 inopia.'

168 958 207 1018 63
231 960 281 1018 Illi
295 965 389 1033 igitur
402 964 520 1032 antiqui
540 980 602 1016 non
617 968 681 1017 tam
694 968 784 1018 acute
804 961 1016 1032 optabiliorem
1036 962 1119 1019 illam

228 1055 323 1108 vitam
337 1058 458 1122 putant,
472 1054 735 1120 praestantiorem,
750 1050 936 1119 beatiorem
959 1050 1053 1110 Stoici
1067 1071 1119 1108 au-

228 1147 293 1197 tem
316 1138 528 1197 tantummodo
548 1137 795 1209 praeponendam
822 1143 855 1196 in
874 1139 1043 1211 seligendo,
1057 1160 1119 1198 non

229 1248 289 1300 quo
304 1230 420 1287 beatior
434 1248 470 1286 ea
484 1232 546 1285 vita
560 1232 610 1297 sit,
625 1227 680 1284 sed
694 1227 776 1298 quod
795 1229 833 1286 ad
848 1235 987 1286 naturam
1002 1250 1119 1287 accom-

229 1318 396 1386 modatior;
425 1325 458 1374 et
477 1321 528 1388 qui
548 1321 701 1387 sapientes
721 1336 782 1373 non
802 1321 873 1388 sint,
894 1337 999 1376 omnes
1022 1339 1119 1391 aeque

228 1411 353 1464 miseros
382 1425 455 1464 esse.
500 1406 594 1463 Stoici
622 1404 680 1461 hoc
705 1405 850 1462 videlicet
874 1407 1026 1479 viderunt,
1052 1409 1119 1465 illos

156 1494 163 1503 ²
228 1502 332 1552 autem
353 1495 385 1552 id
402 1494 523 1565 fugerat
539 1483 730 1564 superiores,1
747 1493 886 1552 homines
905 1496 1069 1555 sceleribus
1087 1506 1120 1555 et

228 1584 394 1655 parricidiis
408 1587 581 1654 inquinatos
596 1581 692 1639 nihilo
706 1587 875 1642 miseriores
887 1605 952 1642 esse
964 1605 1055 1657 quam
1067 1606 1118 1644 eos

229 1677 291 1744 qui,
309 1693 379 1730 cum
400 1680 482 1730 caste
505 1680 538 1729 et
557 1676 678 1742 integre
697 1676 846 1743 viverent,
861 1675 998 1732 nondum
1017 1677 1117 1746 perfe-

168 1759 207 1820 64
229 1770 310 1819 ctam
324 1762 408 1818 illam
422 1765 602 1832 sapientiam
617 1769 721 1818 essent
734 1767 899 1820 consecuti.
943 1764 1047 1835 Atque
1059 1765 1116 1823 hoc

228 1851 295 1908 loco
309 1852 523 1910 similitudines
538 1870 587 1907 eas
602 1850 711 1921 quibus
726 1850 770 1907 illi
785 1855 831 1908 uti
842 1852 943 1910 solent
954 1854 1117 1912 dissimilli-

228 1960 293 1997 mas
315 1940 498 2012 proferebas.
543 1938 619 2010 Quis
645 1943 725 1995 enim
751 1944 882 2011 ignorat,
905 1946 930 1999 si
953 1943 1055 2013 plures
1079 1964 1117 2001 ex

228 2030 291 2087 alto
315 2048 471 2099 emergere
493 2027 600 2097 velint,
622 2032 745 2098 propius
767 2028 832 2086 fore
855 2050 907 2088 eos
929 2031 1054 2102 quidem
1078 2035 1117 2092 ad

227 2118 447 2188 respirandum,
472 2121 524 2188 qui
549 2116 588 2173 ad
616 2136 763 2173 summam
789 2138 900 2194 aquam
924 2123 985 2176 iam
1009 2141 1117 2192 appro-

227 2211 378 2277 pinquent
392 2207 446 2264 sed
460 2205 556 2262 nihilo
569 2209 665 2274 magis
685 2211 833 2277 respirare
852 2228 940 2279 posse
960 2230 1050 2281 quam
1066 2231 1117 2269 eos

228 2299 280 2366 qui
294 2300 356 2352 sint
370 2300 401 2351 in
416 2294 585 2366 profundo?
606 2293 683 2351 nihil
702 2298 796 2365 igitur
814 2297 937 2355 adiuvat
950 2300 1116 2370 procedere

228 2391 261 2441 et
274 2384 417 2455 progredi
430 2388 462 2440 in
476 2387 589 2440 virtute
604 2387 763 2453 quominus
777 2389 961 2444 miserrimus
976 2393 1016 2445 sit
1029 2397 1116 2448 ante-

227 2491 317 2543 quam
340 2473 379 2530 ad
405 2492 472 2529 eam
496 2475 680 2543 pervenerit,
706 2477 849 2543 quoniam
874 2480 905 2532 in
933 2496 1011 2548 aqua
1039 2478 1115 2536 nihil

227 2562 357 2619 adiuvat.
403 2561 444 2618 Et
458 2564 600 2632 quoniam
615 2560 707 2617 catuli
722 2566 773 2632 qui
788 2567 848 2620 iam
863 2564 1029 2636 dispecturi
1044 2575 1116 2626 sunt

227 2655 309 2707 caeci
328 2670 425 2721 aeque
445 2653 518 2707 etii
538 2652 590 2720 qui
609 2649 700 2706 modo
719 2656 794 2722 nati,
816 2652 973 2711 Platonem
994 2675 1115 2727 quoque

226 2757 351 2796 necesse
375 2746 430 2806 est,
453 2742 595 2810 quoniam
620 2738 756 2796 nondum
779 2742 903 2800 videbat
924 2748 1114 2816 sapientiam,

225 2846 322 2898 aeque
337 2847 460 2885 caecum
474 2831 575 2883 animo
589 2845 623 2882 ac
640 2825 789 2887 Phalarim
804 2831 905 2889 fuisse.

164 2913 202 2972 65
268 2915 379 2973 XXIV.
405 2903 497 2974 “Ista
520 2913 629 2972 similia
653 2935 715 2972 non
738 2927 819 2990 sunt,
843 2921 927 2991 Cato,
949 2926 981 2978 in
1006 2924 1114 2993 quibus

256 3050 265 3081 ¹
270 3052 350 3167 ftlfter
371 3055 518 3118 superiores
540 3051 618 3103 MSS.
644 3052 700 3102 add
727 3059 778 3121 qui
803 3059 1024 3120 arbitrabantur;
1051 3061 1112 3112 edd.

224 3134 298 3168 omi.

307 3200 367 3260 870
