<?xml version="1.0" encoding="UTF-8"?>
<!DOCTYPE html PUBLIC "-//W3C//DTD XHTML 1.0 Transitional//EN"
    "http://www.w3.org/TR/xhtml1/DTD/xhtml1-transitional.dtd">
<html xmlns="http://www.w3.org/1999/xhtml" xml:lang="en" lang="en">
 <head>
  <title>
</title>
<meta http-equiv="Content-Type" content="text/html;charset=utf-8" />
  <meta name='ocr-system' content='tesseract 3.04.00' />
  <meta name='ocr-capabilities' content='ocr_page ocr_carea ocr_par ocr_line ocrx_word'/>
</head>
<body>
  <div class='ocr_page' id='page_1' title='image "./definibusbonoru03cicegoog_0513.png"; bbox 0 0 2332 3698; ppageno 0'>
   <div class='ocr_carea' id='block_1_1' title="bbox 438 246 906 307">
    <p class='ocr_par' dir='ltr' id='par_1_1' title="bbox 438 246 906 307">
     <span class='ocr_line' id='line_1_1' title="bbox 438 246 906 307; baseline 0 -1"><span class='ocrx_word' id='word_1_1' title='bbox 438 248 588 307; x_wconf 85' lang='lat' dir='ltr'>CICERO</span> <span class='ocrx_word' id='word_1_2' title='bbox 611 247 668 305; x_wconf 87' lang='lat' dir='ltr'><strong>DE</strong></span> <span class='ocrx_word' id='word_1_3' title='bbox 690 246 859 306; x_wconf 89' lang='lat' dir='ltr'>FINIBUS</span> <span class='ocrx_word' id='word_1_4' title='bbox 902 259 906 264; x_wconf 82' lang='lat'>&#39;</span> 
     </span>
    </p>
   </div>
   <div class='ocr_carea' id='block_1_2' title="bbox 145 375 1099 892">
    <p class='ocr_par' dir='ltr' id='par_1_2' title="bbox 145 375 1099 892">
     <span class='ocr_line' id='line_1_2' title="bbox 204 375 1098 446; baseline -0.007 -12"><span class='ocrx_word' id='word_1_5' title='bbox 204 376 325 446; x_wconf 78' lang='lat' dir='ltr'><strong>doloriS,</strong></span> <span class='ocrx_word' id='word_1_6' title='bbox 345 383 456 433; x_wconf 84' lang='lat' dir='ltr'><strong>neuter</strong></span> <span class='ocrx_word' id='word_1_7' title='bbox 474 375 636 432; x_wconf 89' lang='lat' dir='ltr'><strong>honestate</strong></span> <span class='ocrx_word' id='word_1_8' title='bbox 656 394 758 432; x_wconf 87' lang='lat' dir='ltr'><strong>carere</strong></span> <span class='ocrx_word' id='word_1_9' title='bbox 777 378 888 445; x_wconf 91' lang='lat' dir='ltr'><strong>potuit,</strong></span> <span class='ocrx_word' id='word_1_10' title='bbox 909 393 988 444; x_wconf 88' lang='lat' dir='ltr'><strong>quae</strong></span> <span class='ocrx_word' id='word_1_11' title='bbox 1011 380 1059 430; x_wconf 92' lang='lat' dir='ltr'><strong>est</strong></span> <span class='ocrx_word' id='word_1_12' title='bbox 1081 392 1098 427; x_wconf 93' lang='lat' dir='ltr'><strong>a</strong></span> 
     </span>
     <span class='ocr_line' id='line_1_3' title="bbox 145 463 1098 534; baseline -0.004 -11"><span class='ocrx_word' id='word_1_13' title='bbox 145 471 184 528; x_wconf 81' lang='lat'><strong>74</strong></span> <span class='ocrx_word' id='word_1_14' title='bbox 206 470 316 523; x_wconf 87' lang='lat' dir='ltr'><strong>nostris</strong></span> <span class='ocrx_word' id='word_1_15' title='bbox 330 464 452 521; x_wconf 87' lang='lat' dir='ltr'><strong>laudata</strong></span> <span class='ocrx_word' id='word_1_16' title='bbox 467 469 605 521; x_wconf 86' lang='lat' dir='ltr'><strong>maxime.</strong></span> <span class='ocrx_word' id='word_1_17' title='bbox 651 463 735 534; x_wconf 89' lang='lat' dir='ltr'><strong>Quin</strong></span> <span class='ocrx_word' id='word_1_18' title='bbox 755 468 848 522; x_wconf 87' lang='lat' dir='ltr'><strong>etiam</strong></span> <span class='ocrx_word' id='word_1_19' title='bbox 862 467 919 534; x_wconf 90' lang='lat' dir='ltr'><strong>ipsi</strong></span> <span class='ocrx_word' id='word_1_20' title='bbox 934 463 1098 534; x_wconf 86' lang='lat' dir='ltr'><strong>voluptarii</strong></span> 
     </span>
     <span class='ocr_line' id='line_1_4' title="bbox 206 553 1098 624; baseline -0.006 -13"><span class='ocrx_word' id='word_1_21' title='bbox 206 553 393 612; x_wconf 90' lang='lat' dir='ltr'><strong>deverticula</strong></span> <span class='ocrx_word' id='word_1_22' title='bbox 407 562 559 624; x_wconf 88' lang='lat' dir='ltr'><strong>quaerunt</strong></span> <span class='ocrx_word' id='word_1_23' title='bbox 574 561 606 610; x_wconf 92' lang='lat' dir='ltr'><strong>et</strong></span> <span class='ocrx_word' id='word_1_24' title='bbox 620 558 749 611; x_wconf 81' lang='lat' dir='ltr'><strong>virtutes</strong></span> <span class='ocrx_word' id='word_1_25' title='bbox 764 553 880 610; x_wconf 88' lang='lat' dir='ltr'><strong>habent</strong></span> <span class='ocrx_word' id='word_1_26' title='bbox 894 557 927 609; x_wconf 93' lang='lat' dir='ltr'><strong>in</strong></span> <span class='ocrx_word' id='word_1_27' title='bbox 942 572 994 610; x_wconf 89' lang='lat' dir='ltr'><strong>ore</strong></span> <span class='ocrx_word' id='word_1_28' title='bbox 1016 559 1098 608; x_wconf 89' lang='lat' dir='ltr'><strong>totos</strong></span> 
     </span>
     <span class='ocr_line' id='line_1_5' title="bbox 206 628 1099 714; baseline -0.006 -13"><span class='ocrx_word' id='word_1_29' title='bbox 206 645 271 701; x_wconf 92' lang='lat' dir='ltr'><strong>dies</strong></span> <span class='ocrx_word' id='word_1_30' title='bbox 285 643 535 713; x_wconf 78' lang='lat' dir='ltr'><strong>voluptatemque</strong></span> <span class='ocrx_word' id='word_1_31' title='bbox 549 643 709 700; x_wconf 79' lang='lat' dir='ltr'><strong>dumtaxat</strong></span> <span class='ocrx_word' id='word_1_32' title='bbox 727 647 825 714; x_wconf 90' lang='lat' dir='ltr'><strong>primo</strong></span> <span class='ocrx_word' id='word_1_33' title='bbox 844 645 949 713; x_wconf 86' lang='lat' dir='ltr'><strong>expeti</strong></span> <span class='ocrx_word' id='word_1_34' title='bbox 968 628 1099 709; x_wconf 83' lang='lat' dir='ltr'><strong>dicunt,1</strong></span> 
     </span>
     <span class='ocr_line' id='line_1_6' title="bbox 207 731 1099 802; baseline -0.004 -13"><span class='ocrx_word' id='word_1_35' title='bbox 207 732 319 789; x_wconf 89' lang='lat' dir='ltr'><strong>deinde</strong></span> <span class='ocrx_word' id='word_1_36' title='bbox 330 733 551 790; x_wconf 87' lang='lat' dir='ltr'><strong>consuetudine</strong></span> <span class='ocrx_word' id='word_1_37' title='bbox 561 736 645 802; x_wconf 86' lang='lat' dir='ltr'><strong>quasi</strong></span> <span class='ocrx_word' id='word_1_38' title='bbox 655 732 783 789; x_wconf 87' lang='lat' dir='ltr'><strong>alteram</strong></span> <span class='ocrx_word' id='word_1_39' title='bbox 794 731 946 802; x_wconf 89' lang='lat' dir='ltr'><strong>quandam</strong></span> <span class='ocrx_word' id='word_1_40' title='bbox 957 737 1099 787; x_wconf 89' lang='lat' dir='ltr'><strong>naturam</strong></span> 
     </span>
     <span class='ocr_line' id='line_1_7' title="bbox 208 809 1099 892; baseline -0.004 -14"><span class='ocrx_word' id='word_1_41' title='bbox 208 822 294 892; x_wconf 88' lang='lat' dir='ltr'><strong>effici,</strong></span> <span class='ocrx_word' id='word_1_42' title='bbox 309 841 369 892; x_wconf 87' lang='lat' dir='ltr'><strong>qua</strong></span> <span class='ocrx_word' id='word_1_43' title='bbox 387 820 508 892; x_wconf 88' lang='lat' dir='ltr'><strong>impulsi</strong></span> <span class='ocrx_word' id='word_1_44' title='bbox 527 821 624 878; x_wconf 88' lang='lat' dir='ltr'><strong>multa</strong></span> <span class='ocrx_word' id='word_1_45' title='bbox 638 809 770 877; x_wconf 74' lang='lat' dir='ltr'><strong>faciant²</strong></span> <span class='ocrx_word' id='word_1_46' title='bbox 784 819 900 877; x_wconf 85' lang='lat' dir='ltr'><strong>nullam</strong></span> <span class='ocrx_word' id='word_1_47' title='bbox 914 826 1099 890; x_wconf 86' lang='lat' dir='ltr'><strong>quaerentes</strong></span> 
     </span>
    </p>
   </div>
   <div class='ocr_carea' id='block_1_3' title="bbox 151 909 1104 2612">
    <p class='ocr_par' dir='ltr' id='par_1_3' title="bbox 208 909 1103 1693">
     <span class='ocr_line' id='line_1_8' title="bbox 208 909 1100 982; baseline -0.003 -16"><span class='ocrx_word' id='word_1_48' title='bbox 208 910 404 982; x_wconf 88' lang='lat' dir='ltr'><strong>voluptatem.</strong></span> <span class='ocrx_word' id='word_1_49' title='bbox 450 910 544 968; x_wconf 86' lang='lat' dir='ltr'><strong>Stoici</strong></span> <span class='ocrx_word' id='word_1_50' title='bbox 558 917 683 967; x_wconf 90' lang='lat' dir='ltr'><strong>restant.</strong></span> <span class='ocrx_word' id='word_1_51' title='bbox 728 910 766 966; x_wconf 84' lang='lat' dir='ltr'><strong>Ei</strong></span> <span class='ocrx_word' id='word_1_52' title='bbox 781 909 905 979; x_wconf 90' lang='lat' dir='ltr'><strong>quidem</strong></span> <span class='ocrx_word' id='word_1_53' title='bbox 924 929 987 966; x_wconf 91' lang='lat' dir='ltr'><strong>non</strong></span> <span class='ocrx_word' id='word_1_54' title='bbox 1006 928 1100 965; x_wconf 89' lang='lat' dir='ltr'><strong>unam</strong></span> 
     </span>
     <span class='ocr_line' id='line_1_9' title="bbox 208 989 1099 1070; baseline -0.003 -15"><span class='ocrx_word' id='word_1_55' title='bbox 208 999 340 1070; x_wconf 83' lang='lat' dir='ltr'><strong>aliquam</strong></span> <span class='ocrx_word' id='word_1_56' title='bbox 357 1007 410 1057; x_wconf 91' lang='lat' dir='ltr'><strong>aut</strong></span> <span class='ocrx_word' id='word_1_57' title='bbox 427 998 555 1057; x_wconf 88' lang='lat' dir='ltr'><strong>alteram</strong></span> <span class='ocrx_word' id='word_1_58' title='bbox 574 989 657 1056; x_wconf 81' lang='lat' dir='ltr'><strong>rem³</strong></span> <span class='ocrx_word' id='word_1_59' title='bbox 676 1019 694 1055; x_wconf 92' lang='lat' dir='ltr'><strong>a</strong></span> <span class='ocrx_word' id='word_1_60' title='bbox 713 999 811 1069; x_wconf 91' lang='lat' dir='ltr'><strong>nobis,</strong></span> <span class='ocrx_word' id='word_1_61' title='bbox 830 998 885 1056; x_wconf 91' lang='lat' dir='ltr'><strong>sed</strong></span> <span class='ocrx_word' id='word_1_62' title='bbox 899 1006 998 1056; x_wconf 89' lang='lat' dir='ltr'><strong>totam</strong></span> <span class='ocrx_word' id='word_1_63' title='bbox 1012 997 1053 1054; x_wconf 92' lang='lat' dir='ltr'><strong>ad</strong></span> <span class='ocrx_word' id='word_1_64' title='bbox 1066 1015 1099 1053; x_wconf 89' lang='lat' dir='ltr'><strong>se</strong></span> 
     </span>
     <span class='ocr_line' id='line_1_10' title="bbox 209 1087 1101 1159; baseline -0.003 -13"><span class='ocrx_word' id='word_1_65' title='bbox 209 1097 343 1146; x_wconf 90' lang='lat' dir='ltr'><strong>nostram</strong></span> <span class='ocrx_word' id='word_1_66' title='bbox 378 1087 600 1159; x_wconf 90' lang='lat' dir='ltr'><strong>philosophiam</strong></span> <span class='ocrx_word' id='word_1_67' title='bbox 634 1088 864 1146; x_wconf 87' lang='lat' dir='ltr'><strong>transtulerunt.</strong></span> <span class='ocrx_word' id='word_1_68' title='bbox 923 1089 1029 1158; x_wconf 86' lang='lat' dir='ltr'><strong>Atque</strong></span> <span class='ocrx_word' id='word_1_69' title='bbox 1065 1095 1101 1143; x_wconf 92' lang='lat' dir='ltr'><strong>ut</strong></span> 
     </span>
     <span class='ocr_line' id='line_1_11' title="bbox 210 1176 1101 1248; baseline -0.002 -14"><span class='ocrx_word' id='word_1_70' title='bbox 210 1178 318 1247; x_wconf 88' lang='lat' dir='ltr'><strong>reliqui</strong></span> <span class='ocrx_word' id='word_1_71' title='bbox 333 1176 415 1234; x_wconf 86' lang='lat' dir='ltr'><strong>fures</strong></span> <span class='ocrx_word' id='word_1_72' title='bbox 429 1196 532 1234; x_wconf 91' lang='lat' dir='ltr'><strong>earum</strong></span> <span class='ocrx_word' id='word_1_73' title='bbox 547 1197 648 1234; x_wconf 90' lang='lat' dir='ltr'><strong>rerum</strong></span> <span class='ocrx_word' id='word_1_74' title='bbox 662 1197 735 1248; x_wconf 91' lang='lat' dir='ltr'><strong>quas</strong></span> <span class='ocrx_word' id='word_1_75' title='bbox 750 1186 899 1248; x_wconf 88' lang='lat' dir='ltr'><strong>ceperunt</strong></span> <span class='ocrx_word' id='word_1_76' title='bbox 913 1181 1000 1247; x_wconf 87' lang='lat' dir='ltr'><strong>signa</strong></span> <span class='ocrx_word' id='word_1_77' title='bbox 1019 1196 1101 1233; x_wconf 90' lang='lat' dir='ltr'><strong>com-</strong></span> 
     </span>
     <span class='ocr_line' id='line_1_12' title="bbox 210 1265 1103 1337; baseline -0.002 -14"><span class='ocrx_word' id='word_1_78' title='bbox 210 1273 342 1336; x_wconf 89' lang='lat' dir='ltr'><strong>mutant,</strong></span> <span class='ocrx_word' id='word_1_79' title='bbox 353 1270 395 1323; x_wconf 91' lang='lat' dir='ltr'><strong>sic</strong></span> <span class='ocrx_word' id='word_1_80' title='bbox 406 1265 450 1322; x_wconf 91' lang='lat' dir='ltr'><strong>illi</strong></span> <span class='ocrx_word' id='word_1_81' title='bbox 461 1274 496 1323; x_wconf 92' lang='lat' dir='ltr'><strong>ut</strong></span> <span class='ocrx_word' id='word_1_82' title='bbox 507 1270 669 1324; x_wconf 86' lang='lat' dir='ltr'><strong>sententiis</strong></span> <span class='ocrx_word' id='word_1_83' title='bbox 679 1270 791 1324; x_wconf 89' lang='lat' dir='ltr'><strong>nostris</strong></span> <span class='ocrx_word' id='word_1_84' title='bbox 801 1286 856 1337; x_wconf 92' lang='lat' dir='ltr'><strong>pro</strong></span> <span class='ocrx_word' id='word_1_85' title='bbox 867 1270 928 1324; x_wconf 91' lang='lat' dir='ltr'><strong>suis</strong></span> <span class='ocrx_word' id='word_1_86' title='bbox 939 1273 1103 1323; x_wconf 88' lang='lat' dir='ltr'><strong>uterentur</strong></span> 
     </span>
     <span class='ocr_line' id='line_1_13' title="bbox 210 1354 1101 1426; baseline -0.003 -13"><span class='ocrx_word' id='word_1_87' title='bbox 210 1360 334 1413; x_wconf 89' lang='lat' dir='ltr'><strong>nomina</strong></span> <span class='ocrx_word' id='word_1_88' title='bbox 350 1363 506 1426; x_wconf 88' lang='lat' dir='ltr'><strong>tamquam</strong></span> <span class='ocrx_word' id='word_1_89' title='bbox 519 1375 621 1412; x_wconf 89' lang='lat' dir='ltr'><strong>rerum</strong></span> <span class='ocrx_word' id='word_1_90' title='bbox 635 1363 722 1413; x_wconf 87' lang='lat' dir='ltr'><strong>notas</strong></span> <span class='ocrx_word' id='word_1_91' title='bbox 735 1363 940 1413; x_wconf 85' lang='lat' dir='ltr'><strong>mutaverunt.</strong></span> <span class='ocrx_word' id='word_1_92' title='bbox 986 1354 1035 1411; x_wconf 88' lang='lat' dir='ltr'><strong>Ita</strong></span> <span class='ocrx_word' id='word_1_93' title='bbox 1054 1373 1101 1411; x_wconf 89' lang='lat' dir='ltr'><strong>re·</strong></span> 
     </span>
     <span class='ocr_line' id='line_1_14' title="bbox 210 1443 1102 1515; baseline -0.001 -14"><span class='ocrx_word' id='word_1_94' title='bbox 210 1445 359 1515; x_wconf 88' lang='lat' dir='ltr'><strong>linquitur</strong></span> <span class='ocrx_word' id='word_1_95' title='bbox 372 1443 435 1501; x_wconf 87' lang='lat' dir='ltr'><strong>sola</strong></span> <span class='ocrx_word' id='word_1_96' title='bbox 448 1443 524 1500; x_wconf 90' lang='lat' dir='ltr'><strong>haec</strong></span> <span class='ocrx_word' id='word_1_97' title='bbox 539 1444 697 1514; x_wconf 85' lang='lat' dir='ltr'><strong>disciplina</strong></span> <span class='ocrx_word' id='word_1_98' title='bbox 708 1445 801 1515; x_wconf 86' lang='lat' dir='ltr'><strong>digna</strong></span> <span class='ocrx_word' id='word_1_99' title='bbox 815 1444 957 1502; x_wconf 89' lang='lat' dir='ltr'><strong>studiosis</strong></span> <span class='ocrx_word' id='word_1_100' title='bbox 970 1447 1102 1514; x_wconf 81' lang='lat' dir='ltr'><strong>ingenu-</strong></span> 
     </span>
     <span class='ocr_line' id='line_1_15' title="bbox 211 1531 1103 1605; baseline -0.002 -15"><span class='ocrx_word' id='word_1_101' title='bbox 211 1553 296 1590; x_wconf 91' lang='lat' dir='ltr'><strong>arum</strong></span> <span class='ocrx_word' id='word_1_102' title='bbox 310 1536 430 1601; x_wconf 86' lang='lat' dir='ltr'><strong>artium,</strong></span> <span class='ocrx_word' id='word_1_103' title='bbox 445 1531 539 1602; x_wconf 86' lang='lat' dir='ltr'><strong>digna</strong></span> <span class='ocrx_word' id='word_1_104' title='bbox 553 1533 690 1603; x_wconf 91' lang='lat' dir='ltr'><strong>eruditis,</strong></span> <span class='ocrx_word' id='word_1_105' title='bbox 704 1532 797 1605; x_wconf 87' lang='lat' dir='ltr'><strong>digna</strong></span> <span class='ocrx_word' id='word_1_106' title='bbox 812 1533 898 1590; x_wconf 89' lang='lat' dir='ltr'><strong>claris</strong></span> <span class='ocrx_word' id='word_1_107' title='bbox 912 1537 993 1603; x_wconf 90' lang='lat' dir='ltr'><strong>viris,</strong></span> <span class='ocrx_word' id='word_1_108' title='bbox 1008 1532 1103 1602; x_wconf 83' lang='lat' dir='ltr'><strong>digna</strong></span> 
     </span>
     <span class='ocr_line' id='line_1_16' title="bbox 212 1620 683 1693; baseline 0 -15"><span class='ocrx_word' id='word_1_109' title='bbox 212 1621 408 1693; x_wconf 89' lang='lat' dir='ltr'><strong>principibus,</strong></span> <span class='ocrx_word' id='word_1_110' title='bbox 423 1620 517 1690; x_wconf 83' lang='lat' dir='ltr'><strong>digna</strong></span> <span class='ocrx_word' id='word_1_111' title='bbox 530 1621 683 1691; x_wconf 44' lang='lat' dir='ltr'><strong>regibus?</strong></span> 
     </span>
    </p>

    <p class='ocr_par' dir='ltr' id='par_1_4' title="bbox 151 1691 1104 2612">
     <span class='ocr_line' id='line_1_17' title="bbox 151 1691 1103 1776; baseline -0.001 -14"><span class='ocrx_word' id='word_1_112' title='bbox 151 1710 168 1768; x_wconf 86' lang='lat'><strong>7</strong></span> <span class='ocrx_word' id='word_1_113' title='bbox 173 1712 189 1762; x_wconf 86' lang='lat'><em>5</em></span> <span class='ocrx_word' id='word_1_114' title='bbox 255 1704 342 1775; x_wconf 86' lang='lat' dir='ltr'><strong>Quae</strong></span> <span class='ocrx_word' id='word_1_115' title='bbox 365 1724 434 1761; x_wconf 91' lang='lat' dir='ltr'><strong>cum</strong></span> <span class='ocrx_word' id='word_1_116' title='bbox 455 1703 582 1761; x_wconf 85' lang='lat' dir='ltr'><strong>dixisset</strong></span> <span class='ocrx_word' id='word_1_117' title='bbox 603 1704 787 1776; x_wconf 92' lang='lat' dir='ltr'><strong>paulumque</strong></span> <span class='ocrx_word' id='word_1_118' title='bbox 802 1694 975 1776; x_wconf 89' lang='lat' dir='ltr'><strong>institisset,</strong></span> <span class='ocrx_word' id='word_1_119' title='bbox 989 1691 1103 1775; x_wconf 80' lang='lat' dir='ltr'><strong>“Quid</strong></span> 
     </span>
     <span class='ocr_line' id='line_1_18' title="bbox 213 1774 1102 1860; baseline -0.003 -13"><span class='ocrx_word' id='word_1_120' title='bbox 213 1789 305 1847; x_wconf 85' lang='lat' dir='ltr'><strong>est?”</strong></span> <span class='ocrx_word' id='word_1_121' title='bbox 321 1792 437 1860; x_wconf 91' lang='lat' dir='ltr'><strong>inquit;</strong></span> <span class='ocrx_word' id='word_1_122' title='bbox 452 1774 591 1846; x_wconf 81' lang='lat' dir='ltr'><strong>“satisne</strong></span> <span class='ocrx_word' id='word_1_123' title='bbox 605 1789 689 1846; x_wconf 91' lang='lat' dir='ltr'><strong>vobis</strong></span> <span class='ocrx_word' id='word_1_124' title='bbox 703 1790 808 1846; x_wconf 89' lang='lat' dir='ltr'><strong>videor</strong></span> <span class='ocrx_word' id='word_1_125' title='bbox 821 1809 876 1860; x_wconf 91' lang='lat' dir='ltr'><strong>pro</strong></span> <span class='ocrx_word' id='word_1_126' title='bbox 895 1808 965 1846; x_wconf 89' lang='lat' dir='ltr'><strong>meo</strong></span> <span class='ocrx_word' id='word_1_127' title='bbox 984 1793 1050 1846; x_wconf 89' lang='lat' dir='ltr'><strong>iure</strong></span> <span class='ocrx_word' id='word_1_128' title='bbox 1070 1792 1102 1844; x_wconf 91' lang='lat' dir='ltr'><strong>in</strong></span> 
     </span>
     <span class='ocr_line' id='line_1_19' title="bbox 213 1859 1101 1943; baseline 0 -14"><span class='ocrx_word' id='word_1_129' title='bbox 213 1877 320 1930; x_wconf 89' lang='lat' dir='ltr'><strong>vestris</strong></span> <span class='ocrx_word' id='word_1_130' title='bbox 335 1873 456 1929; x_wconf 89' lang='lat' dir='ltr'><strong>auribus</strong></span> <span class='ocrx_word' id='word_1_131' title='bbox 471 1873 735 1929; x_wconf 87' lang='lat' dir='ltr'><strong>commentatus?”</strong></span> <span class='ocrx_word' id='word_1_132' title='bbox 768 1873 809 1930; x_wconf 87' lang='lat' dir='ltr'><strong>Et</strong></span> <span class='ocrx_word' id='word_1_133' title='bbox 823 1892 896 1943; x_wconf 87' lang='lat' dir='ltr'><strong>ego:</strong></span> <span class='ocrx_word' id='word_1_134' title='bbox 911 1859 985 1928; x_wconf 71' lang='lat' dir='ltr'><strong>“Tu</strong></span> <span class='ocrx_word' id='word_1_135' title='bbox 999 1873 1101 1942; x_wconf 87' lang='lat' dir='ltr'><strong>vero,&#39;‘</strong></span> 
     </span>
     <span class='ocr_line' id='line_1_20' title="bbox 213 1942 1104 2027; baseline 0 -15"><span class='ocrx_word' id='word_1_136' title='bbox 213 1960 346 2027; x_wconf 89' lang='lat' dir='ltr'><strong>inquam,</strong></span> <span class='ocrx_word' id='word_1_137' title='bbox 359 1942 463 2026; x_wconf 80' lang='lat' dir='ltr'><strong>“Piso,</strong></span> <span class='ocrx_word' id='word_1_138' title='bbox 474 1963 509 2012; x_wconf 92' lang='lat' dir='ltr'><strong>ut</strong></span> <span class='ocrx_word' id='word_1_139' title='bbox 524 1975 613 2026; x_wconf 88' lang='lat' dir='ltr'><strong>saepe</strong></span> <span class='ocrx_word' id='word_1_140' title='bbox 628 1956 764 2027; x_wconf 90' lang='lat' dir='ltr'><strong>alias,sic</strong></span> <span class='ocrx_word' id='word_1_141' title='bbox 778 1956 870 2014; x_wconf 88' lang='lat' dir='ltr'><strong>hodie</strong></span> <span class='ocrx_word' id='word_1_142' title='bbox 884 1961 928 2013; x_wconf 92' lang='lat' dir='ltr'><strong>ita</strong></span> <span class='ocrx_word' id='word_1_143' title='bbox 941 1975 1030 2013; x_wconf 91' lang='lat' dir='ltr'><strong>nosse</strong></span> <span class='ocrx_word' id='word_1_144' title='bbox 1045 1960 1104 2012; x_wconf 91' lang='lat' dir='ltr'><strong>ista</strong></span> 
     </span>
     <span class='ocr_line' id='line_1_21' title="bbox 214 2028 1103 2111; baseline 0 -15"><span class='ocrx_word' id='word_1_145' title='bbox 214 2044 293 2097; x_wconf 90' lang='lat' dir='ltr'><strong>visus</strong></span> <span class='ocrx_word' id='word_1_146' title='bbox 313 2058 345 2095; x_wconf 92' lang='lat' dir='ltr'><strong>es</strong></span> <span class='ocrx_word' id='word_1_147' title='bbox 365 2046 410 2109; x_wconf 91' lang='lat' dir='ltr'><strong>ut,</strong></span> <span class='ocrx_word' id='word_1_148' title='bbox 430 2043 455 2096; x_wconf 92' lang='lat' dir='ltr'><strong>si</strong></span> <span class='ocrx_word' id='word_1_149' title='bbox 474 2043 520 2096; x_wconf 90' lang='lat' dir='ltr'><strong>tui</strong></span> <span class='ocrx_word' id='word_1_150' title='bbox 540 2039 626 2096; x_wconf 90' lang='lat' dir='ltr'><strong>nobis</strong></span> <span class='ocrx_word' id='word_1_151' title='bbox 645 2047 780 2110; x_wconf 88' lang='lat' dir='ltr'><strong>potestas</strong></span> <span class='ocrx_word' id='word_1_152' title='bbox 795 2044 913 2111; x_wconf 90' lang='lat' dir='ltr'><strong>saepius</strong></span> <span class='ocrx_word' id='word_1_153' title='bbox 928 2028 1026 2109; x_wconf 82' lang='lat' dir='ltr'><strong>fieret,</strong></span> <span class='ocrx_word' id='word_1_154' title='bbox 1041 2059 1103 2096; x_wconf 92' lang='lat' dir='ltr'><strong>non</strong></span> 
     </span>
     <span class='ocr_line' id='line_1_22' title="bbox 213 2122 1103 2194; baseline 0.002 -16"><span class='ocrx_word' id='word_1_155' title='bbox 213 2122 345 2179; x_wconf 91' lang='lat' dir='ltr'><strong>multum</strong></span> <span class='ocrx_word' id='word_1_156' title='bbox 360 2122 484 2180; x_wconf 89' lang='lat' dir='ltr'><strong>Graecis</strong></span> <span class='ocrx_word' id='word_1_157' title='bbox 498 2123 729 2193; x_wconf 89' lang='lat' dir='ltr'><strong>supplicandum</strong></span> <span class='ocrx_word' id='word_1_158' title='bbox 744 2131 891 2194; x_wconf 90' lang='lat' dir='ltr'><strong>putarem.</strong></span> <span class='ocrx_word' id='word_1_159' title='bbox 931 2122 1023 2193; x_wconf 87' lang='lat' dir='ltr'><strong>Quod</strong></span> <span class='ocrx_word' id='word_1_160' title='bbox 1037 2128 1103 2193; x_wconf 90' lang='lat' dir='ltr'><strong>qui·</strong></span> 
     </span>
     <span class='ocr_line' id='line_1_23' title="bbox 214 2206 1103 2278; baseline 0.001 -16"><span class='ocrx_word' id='word_1_161' title='bbox 214 2206 285 2263; x_wconf 88' lang='lat' dir='ltr'><strong>dem</strong></span> <span class='ocrx_word' id='word_1_162' title='bbox 301 2225 337 2263; x_wconf 90' lang='lat' dir='ltr'><strong>eo</strong></span> <span class='ocrx_word' id='word_1_163' title='bbox 351 2207 473 2276; x_wconf 91' lang='lat' dir='ltr'><strong>probavi</strong></span> <span class='ocrx_word' id='word_1_164' title='bbox 488 2211 584 2276; x_wconf 85' lang='lat' dir='ltr'><strong>magis</strong></span> <span class='ocrx_word' id='word_1_165' title='bbox 597 2210 668 2276; x_wconf 95' lang='lat' dir='ltr'><strong>quia</strong></span> <span class='ocrx_word' id='word_1_166' title='bbox 684 2211 810 2264; x_wconf 91' lang='lat' dir='ltr'><strong>memini</strong></span> <span class='ocrx_word' id='word_1_167' title='bbox 828 2207 965 2265; x_wconf 91' lang='lat' dir='ltr'><strong>Staseam</strong></span> <span class='ocrx_word' id='word_1_168' title='bbox 983 2207 1103 2278; x_wconf 87' lang='lat' dir='ltr'><strong>Neapo-</strong></span> 
     </span>
     <span class='ocr_line' id='line_1_24' title="bbox 214 2289 1104 2361; baseline 0.001 -16"><span class='ocrx_word' id='word_1_169' title='bbox 214 2290 353 2358; x_wconf 89' lang='lat' dir='ltr'><strong>litanum,</strong></span> <span class='ocrx_word' id='word_1_170' title='bbox 367 2289 523 2347; x_wconf 89' lang='lat' dir='ltr'><strong>doctorem</strong></span> <span class='ocrx_word' id='word_1_171' title='bbox 537 2289 624 2346; x_wconf 91' lang='lat' dir='ltr'><strong>illum</strong></span> <span class='ocrx_word' id='word_1_172' title='bbox 637 2298 735 2361; x_wconf 88' lang='lat' dir='ltr'><strong>tuum,</strong></span> <span class='ocrx_word' id='word_1_173' title='bbox 745 2290 880 2347; x_wconf 89' lang='lat' dir='ltr'><strong>nobilem</strong></span> <span class='ocrx_word' id='word_1_174' title='bbox 894 2310 966 2348; x_wconf 90' lang='lat' dir='ltr'><strong>sane</strong></span> <span class='ocrx_word' id='word_1_175' title='bbox 983 2290 1104 2361; x_wconf 85' lang='lat' dir='ltr'><strong>Peripa-</strong></span> 
     </span>
     <span class='ocr_line' id='line_1_25' title="bbox 215 2373 1103 2444; baseline 0 -14"><span class='ocrx_word' id='word_1_176' title='bbox 215 2377 354 2443; x_wconf 89' lang='lat' dir='ltr'><strong>teticum,</strong></span> <span class='ocrx_word' id='word_1_177' title='bbox 368 2373 523 2444; x_wconf 86' lang='lat' dir='ltr'><strong>aliquanto</strong></span> <span class='ocrx_word' id='word_1_178' title='bbox 544 2377 603 2430; x_wconf 92' lang='lat' dir='ltr'><strong>ista</strong></span> <span class='ocrx_word' id='word_1_179' title='bbox 623 2393 709 2431; x_wconf 91' lang='lat' dir='ltr'><strong>secus</strong></span> <span class='ocrx_word' id='word_1_180' title='bbox 731 2373 832 2431; x_wconf 88' lang='lat' dir='ltr'><strong>dicere</strong></span> <span class='ocrx_word' id='word_1_181' title='bbox 854 2374 987 2444; x_wconf 93' lang='lat' dir='ltr'><strong>solitum,</strong></span> <span class='ocrx_word' id='word_1_182' title='bbox 1002 2393 1103 2431; x_wconf 90' lang='lat' dir='ltr'><strong>assen-</strong></span> 
     </span>
     <span class='ocr_line' id='line_1_26' title="bbox 215 2457 1103 2526; baseline -0.001 -12"><span class='ocrx_word' id='word_1_183' title='bbox 215 2461 347 2514; x_wconf 91' lang='lat' dir='ltr'><strong>tientem</strong></span> <span class='ocrx_word' id='word_1_184' title='bbox 375 2461 410 2514; x_wconf 94' lang='lat' dir='ltr'><strong>iis</strong></span> <span class='ocrx_word' id='word_1_185' title='bbox 439 2460 491 2526; x_wconf 93' lang='lat' dir='ltr'><strong>qui</strong></span> <span class='ocrx_word' id='word_1_186' title='bbox 518 2457 685 2514; x_wconf 92' lang='lat' dir='ltr'><strong>multum&#39;</strong></span> <span class='ocrx_word' id='word_1_187' title='bbox 678 2477 709 2514; x_wconf 87' lang='lat' dir='ltr'><strong>m</strong></span> <span class='ocrx_word' id='word_1_188' title='bbox 740 2458 860 2515; x_wconf 86' lang='lat' dir='ltr'><strong>fortuna</strong></span> <span class='ocrx_word' id='word_1_189' title='bbox 888 2457 1023 2515; x_wconf 89' lang='lat' dir='ltr'><strong>secunda</strong></span> <span class='ocrx_word' id='word_1_190' title='bbox 1050 2464 1103 2514; x_wconf 90' lang='lat' dir='ltr'><strong>aut</strong></span> 
     </span>
     <span class='ocr_line' id='line_1_27' title="bbox 215 2540 1103 2612; baseline 0.001 -16"><span class='ocrx_word' id='word_1_191' title='bbox 215 2541 349 2609; x_wconf 90' lang='lat' dir='ltr'><strong>adversa,</strong></span> <span class='ocrx_word' id='word_1_192' title='bbox 364 2540 521 2597; x_wconf 91' lang='lat' dir='ltr'><strong>multum&#39;</strong></span> <span class='ocrx_word' id='word_1_193' title='bbox 513 2560 546 2596; x_wconf 86' lang='grc' dir='ltr'><strong>ιιι</strong></span> <span class='ocrx_word' id='word_1_194' title='bbox 567 2541 653 2598; x_wconf 91' lang='lat' dir='ltr'><strong>bonis</strong></span> <span class='ocrx_word' id='word_1_195' title='bbox 675 2548 728 2598; x_wconf 86' lang='lat' dir='ltr'><strong>aut</strong></span> <span class='ocrx_word' id='word_1_196' title='bbox 749 2542 835 2599; x_wconf 90' lang='lat' dir='ltr'><strong>malis</strong></span> <span class='ocrx_word' id='word_1_197' title='bbox 856 2545 988 2612; x_wconf 90' lang='lat' dir='ltr'><strong>corporis</strong></span> <span class='ocrx_word' id='word_1_198' title='bbox 1009 2560 1103 2612; x_wconf 90' lang='lat' dir='ltr'><strong>pone-</strong></span> 
     </span>
    </p>
   </div>
   <div class='ocr_carea' id='block_1_4' title="bbox 113 2608 1103 2786">
    <p class='ocr_par' dir='ltr' id='par_1_5' title="bbox 113 2608 1103 2786">
     <span class='ocr_line' id='line_1_28' title="bbox 215 2608 1102 2695; baseline 0 -15"><span class='ocrx_word' id='word_1_199' title='bbox 215 2624 315 2680; x_wconf 88' lang='lat' dir='ltr'><strong>rent&#39;</strong></span> <span class='ocrx_word' id='word_1_200' title='bbox 338 2608 420 2680; x_wconf 90' lang='lat' dir='ltr'><strong>Est</strong></span> <span class='ocrx_word' id='word_1_201' title='bbox 429 2631 464 2681; x_wconf 93' lang='lat' dir='ltr'><strong>ut</strong></span> <span class='ocrx_word' id='word_1_202' title='bbox 473 2624 578 2694; x_wconf 79' lang='lat' dir='ltr'><strong>dicis</strong></span> <span class='ocrx_word' id='word_1_203' title='bbox 588 2628 702 2695; x_wconf 89' lang='lat' dir='ltr'><strong>inquit;</strong></span> <span class='ocrx_word' id='word_1_204' title='bbox 718 2611 798 2682; x_wconf 77' lang='lat' dir='ltr'><strong>“sed</strong></span> <span class='ocrx_word' id='word_1_205' title='bbox 807 2625 882 2682; x_wconf 90' lang='lat' dir='ltr'><strong>haec</strong></span> <span class='ocrx_word' id='word_1_206' title='bbox 892 2626 930 2682; x_wconf 89' lang='lat' dir='ltr'><strong>ab</strong></span> <span class='ocrx_word' id='word_1_207' title='bbox 939 2624 1102 2693; x_wconf 89' lang='lat' dir='ltr'><strong>Antiocho,</strong></span> 
     </span>
     <span class='ocr_line' id='line_1_29' title="bbox 113 2707 1103 2786; baseline 0.001 -23"><span class='ocrx_word' id='word_1_208' title='bbox 113 2772 126 2786; x_wconf 27' lang='grc' dir='ltr'>ἱ</span> <span class='ocrx_word' id='word_1_209' title='bbox 215 2707 355 2763; x_wconf 88' lang='lat' dir='ltr'><strong>familiari</strong></span> <span class='ocrx_word' id='word_1_210' title='bbox 377 2714 491 2779; x_wconf 91' lang='lat' dir='ltr'><strong>nostro,</strong></span> <span class='ocrx_word' id='word_1_211' title='bbox 514 2708 658 2765; x_wconf 91' lang='lat' dir='ltr'><strong>dicuntur</strong></span> <span class='ocrx_word' id='word_1_212' title='bbox 682 2708 780 2766; x_wconf 90' lang='lat' dir='ltr'><strong>multo</strong></span> <span class='ocrx_word' id='word_1_213' title='bbox 805 2709 913 2766; x_wconf 90' lang='lat' dir='ltr'><strong>melius</strong></span> <span class='ocrx_word' id='word_1_214' title='bbox 939 2716 971 2766; x_wconf 87' lang='lat' dir='ltr'><strong>et</strong></span> <span class='ocrx_word' id='word_1_215' title='bbox 996 2708 1103 2765; x_wconf 90' lang='lat' dir='ltr'><strong>fortius</strong></span> 
     </span>
    </p>
   </div>
   <div class='ocr_carea' id='block_1_5' title="bbox 218 2864 1105 3192">
    <p class='ocr_par' dir='ltr' id='par_1_6' title="bbox 218 2864 1105 3192">
     <span class='ocr_line' id='line_1_30' title="bbox 247 2864 1103 2929; baseline 0.002 -17"><span class='ocrx_word' id='word_1_216' title='bbox 247 2864 258 2894; x_wconf 81' lang='lat'><strong>¹</strong></span> <span class='ocrx_word' id='word_1_217' title='bbox 271 2869 424 2928; x_wconf 77' lang='lat' dir='ltr'><strong>quaerunt.</strong></span> <span class='ocrx_word' id='word_1_218' title='bbox 439 2901 445 2914; x_wconf 92' lang='grc'><strong>.</strong></span> <span class='ocrx_word' id='word_1_219' title='bbox 460 2866 577 2915; x_wconf 81' lang='lat' dir='ltr'><strong>habent.</strong></span> <span class='ocrx_word' id='word_1_220' title='bbox 591 2901 598 2915; x_wconf 88' lang='lat'><strong>.</strong></span> <span class='ocrx_word' id='word_1_221' title='bbox 612 2866 710 2915; x_wconf 76' lang='lat' dir='ltr'><strong>dicunt</strong></span> <span class='ocrx_word' id='word_1_222' title='bbox 720 2866 878 2925; x_wconf 87' lang='lat' dir='ltr'><strong>Lambinus,</strong></span> <span class='ocrx_word' id='word_1_223' title='bbox 893 2866 990 2914; x_wconf 88' lang='lat' dir='ltr'><strong>Miiller</strong></span> <span class='ocrx_word' id='word_1_224' title='bbox 998 2883 1006 2923; x_wconf 77' lang='lat'><em>3</em></span> <span class='ocrx_word' id='word_1_225' title='bbox 1024 2882 1103 2929; x_wconf 83' lang='lat' dir='ltr'><strong>quae·</strong></span> 
     </span>
     <span class='ocr_line' id='line_1_31' title="bbox 219 2931 1105 3010; baseline 0.002 -32"><span class='ocrx_word' id='word_1_226' title='bbox 219 2937 299 3006; x_wconf 60' lang='lat' dir='ltr'><strong>rant.</strong></span> <span class='ocrx_word' id='word_1_227' title='bbox 315 2966 321 2978; x_wconf 95' lang='lat'>.</span> <span class='ocrx_word' id='word_1_228' title='bbox 336 2931 471 2980; x_wconf 83' lang='lat' dir='ltr'><strong>habeant.</strong></span> <span class='ocrx_word' id='word_1_229' title='bbox 487 2967 493 2980; x_wconf 91' lang='lat'>.</span> <span class='ocrx_word' id='word_1_230' title='bbox 508 2932 604 2979; x_wconf 79' lang='lat' dir='ltr'><strong>dicant</strong></span> <span class='ocrx_word' id='word_1_231' title='bbox 620 2932 709 2992; x_wconf 62' lang='lat' dir='ltr'><strong>MSS,</strong></span> <span class='ocrx_word' id='word_1_232' title='bbox 725 2933 809 3010; x_wconf 54' lang='lat' dir='ltr'><strong>Mdv,</strong></span> <span class='ocrx_word' id='word_1_233' title='bbox 823 2933 887 2980; x_wconf 89' lang='lat' dir='ltr'><strong>with</strong></span> <span class='ocrx_word' id='word_1_234' title='bbox 906 2931 984 3008; x_wconf 72' lang='lat' dir='ltr'><strong>mark</strong></span> <span class='ocrx_word' id='word_1_235' title='bbox 1002 2932 1034 2980; x_wconf 91' lang='lat' dir='ltr'><strong>of</strong></span> <span class='ocrx_word' id='word_1_236' title='bbox 1047 2948 1105 2980; x_wconf 88' lang='lat' dir='ltr'><strong>cor·</strong></span> 
     </span>
     <span class='ocr_line' id='line_1_32' title="bbox 218 2995 1003 3126; baseline 0.001 -17"><span class='ocrx_word' id='word_1_237' title='bbox 218 2995 1003 3126; x_wconf 54' lang='lat' dir='ltr'><strong>“itt&#39;ssatt‘szlitfi:llllssssnftatfhssssfftn</strong></span> 
     </span>
     <span class='ocr_line' id='line_1_33' title="bbox 250 3126 771 3192; baseline 0.004 -16"><span class='ocrx_word' id='word_1_238' title='bbox 250 3126 322 3176; x_wconf 79' lang='lat' dir='ltr'><strong>³rem</strong></span> <span class='ocrx_word' id='word_1_239' title='bbox 335 3128 452 3176; x_wconf 85' lang='lat' dir='ltr'><strong>inserted</strong></span> <span class='ocrx_word' id='word_1_240' title='bbox 465 3127 501 3191; x_wconf 92' lang='lat' dir='ltr'><strong>by</strong></span> <span class='ocrx_word' id='word_1_241' title='bbox 513 3127 544 3176; x_wconf 89' lang='lat' dir='ltr'><strong>T.</strong></span> <span class='ocrx_word' id='word_1_242' title='bbox 561 3129 683 3192; x_wconf 85' lang='lat' dir='ltr'><strong>Bentley,</strong></span> <span class='ocrx_word' id='word_1_243' title='bbox 697 3129 771 3178; x_wconf 91' lang='lat' dir='ltr'><strong>Mdv.</strong></span> 
     </span>
    </p>
   </div>
   <div class='ocr_carea' id='block_1_6' title="bbox 299 3203 359 3266">
    <p class='ocr_par' dir='ltr' id='par_1_7' title="bbox 299 3203 359 3266">
     <span class='ocr_line' id='line_1_34' title="bbox 299 3203 359 3266; baseline 0.033 -4"><span class='ocrx_word' id='word_1_244' title='bbox 299 3203 359 3266; x_wconf 83' lang='lat'><strong>476</strong></span> 
     </span>
    </p>
   </div>
   <div class='ocr_carea' id='block_1_7' title="bbox 0 0 1183 3698">
    <p class='ocr_par' dir='ltr' id='par_1_8' title="bbox 0 0 1183 3698">
     <span class='ocr_line' id='line_1_35' title="bbox 0 0 1183 3698; baseline 0 0"><span class='ocrx_word' id='word_1_245' title='bbox 0 0 1183 3698; x_wconf 95' lang='lat' dir='ltr'><strong> </strong></span> 
     </span>
    </p>
   </div>
  </div>
 </body>
</html>
