2332 3698
396 205 546 267 CICERO
569 205 626 265 DE
648 207 817 267 FINIBUS

204 314 377 400 “Quoniam
386 337 490 387 autem
499 334 523 387 is
532 334 626 387 animi
635 333 980 401 appetitusaprincipio
990 326 1057 398 fuit,

162 432 197 481 ut
208 444 329 496 eaquae
342 425 403 481 dixi
413 446 504 496 quam
513 425 734 497 perfectissima
743 433 851 482 natura
861 425 1056 495 haberemus,

162 520 369 578 confitendum
381 529 438 591 est,
448 542 517 578 cum
528 522 560 579 id
571 522 676 593 adepti
687 527 779 579 simus
791 522 872 592 quod
882 526 1055 592 appetitum

162 620 211 685 sit,
231 619 262 672 in
281 636 317 673 eo
335 621 420 687 quasi
439 622 472 674 in
490 618 597 674 ultimo
617 623 781 676 consistere
800 625 944 674 naturam
963 625 1056 688 atque

162 711 193 768 id
209 731 275 769 esse
290 732 441 770 summum
456 714 588 780 bonum3
611 714 691 784 quod
708 721 792 770 certe
810 717 989 770 universum
1005 733 1056 771 sua

161 816 271 878 sponte
286 813 385 880 ipsum
400 814 504 880 expeti
519 817 552 866 et
565 817 690 880 propter
708 829 740 866 se
760 829 885 866 necesse
907 818 967 879 est,
982 828 1056 880 quo-

161 908 244 960 niam
255 912 327 962 ante
337 905 579 962 demonstratum
589 912 636 962 est
642 909 735 962 etiam
741 905 874 974 singulas
881 909 948 962 eius
953 913 1057 976 partes

162 1018 227 1056 esse
239 1019 294 1070 per
309 1020 341 1057 se
353 1001 548 1072 expetendas.

101 1101 139 1151 45
204 1081 224 1107 “
234 1096 271 1153 ln
287 1097 499 1154 enumerandis
513 1104 618 1154 autem
633 1101 764 1167 corporis
774 1095 939 1153 commodis
952 1101 978 1154 si
990 1101 1056 1168 quis

162 1197 406 1262 praetermissam
420 1213 438 1249 a
456 1194 543 1250 nobis
562 1192 752 1263 voluptatem
771 1193 903 1263 putabit,
919 1197 952 1249 in
972 1193 1056 1251 aliud

162 1295 284 1359 tempus
299 1309 335 1345 ea
346 1293 483 1359 quaestio
498 1288 662 1346 differatur.
695 1288 807 1346 Utrum
819 1292 902 1345 enim
914 1293 955 1346 sit
970 1288 1055 1346 volu-

162 1391 230 1454 ptas
244 1388 276 1440 in
291 1389 326 1441 iis
339 1386 429 1441 rebus
443 1404 516 1455 quas
532 1388 643 1455 primas
655 1383 823 1442 secundum
834 1392 977 1442 naturam
988 1405 1054 1443 esse

163 1478 292 1535 diximus
308 1499 406 1536 necne
421 1484 470 1548 sit,
485 1479 524 1536 ad
539 1480 570 1537 id
585 1480 667 1550 quod
682 1483 799 1549 agimus
816 1480 893 1536 nihil
914 1485 1056 1538 interest.

164 1574 195 1631 Si
215 1578 306 1644 enim,
322 1582 357 1631 ut
377 1574 451 1631 mihi
472 1575 596 1645 quidem
616 1576 747 1646 videtur,
767 1595 829 1632 non
850 1576 956 1646 explet
977 1577 1058 1633 bona

163 1677 288 1727 naturae
310 1670 458 1742 voluptas,
479 1674 542 1727 iure
565 1675 777 1742 praetermissa
798 1678 861 1739 est3
883 1675 930 1728 sin
950 1680 1058 1730 autem

164 1773 211 1823 est
231 1770 262 1822 in
282 1786 318 1824 ea
341 1767 423 1838 quod
446 1766 569 1837 quidam
591 1767 708 1837 volunt,
726 1767 803 1824 nihil
825 1766 956 1838 impedit
976 1767 1057 1825 hanc

163 1869 296 1918 nostram
317 1863 619 1934 comprehensionem
639 1867 746 1920 summi
767 1864 858 1930 boni;
880 1882 957 1933 quae
973 1868 1058 1921 enim

163 1962 329 2015 constituta
340 1967 412 2016 sunt
421 1963 519 2030 prima
529 1967 666 2028 naturae,
676 1959 714 2016 ad
724 1978 760 2016 ea
770 1963 794 2016 si
804 1959 943 2030 voluptas
953 1979 1057 2018 acces·

164 2057 246 2123 serit,
269 2074 364 2111 unum
385 2054 507 2124 aliquod
530 2059 692 2112 accesserit
711 2054 903 2111 commodum
923 2061 1058 2127 corporis

163 2168 264 2219 neque
283 2169 350 2206 eam
364 2154 616 2207 constitutionem
631 2153 739 2207 summi
754 2151 826 2206 boni
837 2170 915 2221 quae
927 2158 1057 2222 estpro-

163 2250 261 2314 posita
274 2250 445 2302 mutaverit.

102 2337 142 2396 46
206 2338 305 2396 XVII.
330 2325 396 2397 “Et
410 2340 510 2397 adhuc
522 2340 646 2411 quidem
657 2345 699 2398 ita
711 2342 798 2398 nobis
808 2361 967 2412 progressa
977 2348 1056 2401 ratio

165 2443 213 2492 est
227 2443 262 2493 ut
276 2439 318 2493 'ea
337 2436 502 2494 duceretur
520 2441 616 2494 omnis
636 2458 654 2493 a
672 2441 770 2508 prima
789 2438 1055 2497 commendatione

164 2539 298 2589 naturae.
344 2532 433 2589 Nunc
454 2541 557 2590 autem
576 2533 659 2590 aliud
678 2537 738 2589 iam
758 2534 993 2605 argumentandi
1009 2556 1056 2593 se-

164 2647 291 2698 quamur
304 2648 412 2699 genus,
428 2637 539 2686 utnon
554 2629 651 2686 solum
665 2633 736 2700 quia
754 2649 810 2686 nos
824 2628 985 2698 diligamus
1000 2632 1056 2689 sed

164 2727 235 2793 quia
257 2728 403 2794 cuiusque
431 2729 526 2795 partis
549 2732 675 2782 naturae
699 2733 732 2782 et
755 2730 785 2781 in
813 2744 937 2795 corpore
964 2733 998 2782 et
1023 2731 1055 2783 in

164 2823 265 2875 animo
277 2839 330 2876 sua
339 2839 476 2890 quaeque
489 2825 533 2877 vis
543 2824 593 2890 sit,
602 2820 714 2877 idcirco
724 2826 756 2877 in
768 2821 815 2877 his
824 2822 914 2877 rebus
923 2810 1055 2880 summe¹

396 2915 512 2965 ¹summe
524 2915 598 2974 edd.;
615 2933 721 2965 summa
735 2917 812 2966 MSS.

199 3018 263 3065 abis
275 3019 350 3067 rebus
361 3033 451 3067 seems
463 3025 491 3066 to
504 3019 613 3067 referto
625 3021 754 3082 cariusque
761 3021 853 3084 partis
869 3025 996 3080 naturae,
1010 3039 1053 3087 cp,

166 3085 179 3140 ς
190 3100 222 3146 44
234 3092 305 3143 note,
319 3083 375 3133 and
386 3086 399 3142 ξ
411 3084 443 3147 56
456 3086 500 3132 ‘et
513 3100 625 3147 corpore
637 3091 665 3133 et
677 3086 767 3134 auimo
779 3085 899 3135 moveri)

248 3166 308 3217 444
