2332 3698
398 222 550 282 ucuao
573 223 630 282 ou
644 203 821 282 ‘nmmos

163 365 226 416 tam
241 358 331 416 valde
351 357 581 430 perhorrescere
602 346 698 429 (quod
711 346 807 415 itcm1
822 366 870 416 est
889 357 1058 429 reprehen-

164 459 298 517 dendum
324 465 356 516 in
385 447 521 529 dolore),
552 461 606 518 sed
635 465 705 531 quia
729 460 794 518 fere
818 465 860 518 sic
885 461 1058 517 afficiuntur

164 582 279 632 omnes,
294 566 365 619 satis
386 567 559 632 argumenti
581 571 628 620 est
649 564 687 619 ab
704 567 830 620 interitu
849 570 991 619 naturam
1005 562 1057 619 ab·

163 663 305 732 horrere;
326 664 419 734 idque
434 684 493 735 quo
508 669 604 735 magis
615 665 737 736 quidam
752 669 795 721 ita
809 664 926 721 faciunt
941 673 977 722 ut
992 668 1057 721 iure

164 770 257 823 etiam
273 765 548 837 reprehendantur,
562 766 620 823 hoc
634 771 730 837 magis
748 766 994 836 intellegendum
1009 773 1057 822 est

165 859 240 924 haec
255 870 320 938 ipsa
334 871 428 924 nimia
445 873 477 924 in
492 867 672 938 quibusdam
692 867 795 925 futura
809 887 870 925 non
890 867 984 924 fuisse
999 870 1057 923 nisi

164 967 314 1039 quaedam
343 975 446 1026 essent
474 970 593 1027 modica
621 977 737 1027 natura.
793 969 859 1026 Nec
887 987 959 1025 vero
989 968 1057 1024 dico

167 1091 271 1128 eorum
278 1077 405 1128 'metum
419 1075 525 1128 mortis
540 1075 601 1142 qui,
617 1075 687 1141 quia
702 1075 810 1141 privari
826 1090 858 1128 se
873 1075 954 1126 vitae
970 1071 1057 1126 bonis

164 1171 350 1228 arbitrentur
361 1179 414 1228 aut
423 1175 494 1242 quia
504 1172 649 1242 quasdam
659 1179 729 1242 post
738 1180 867 1228 mortem
879 1170 1057 1228 formidines

166 1277 368 1329 extimescant
382 1279 436 1330 aut
450 1261 494 1330 εί2
508 1281 650 1330 metuant
663 1292 703 1329 ne
719 1293 787 1329 cum
802 1273 906 1329 dolore
926 1276 1056 1328 morian-

164 1382 225 1443 tur,
239 1374 352 1430 idcirco
373 1381 504 1431 mortem
526 1374 665 1445 fugiant3
686 1379 718 1431 in
740 1379 838 1445 parvis
861 1378 943 1430 enim
964 1393 1057 1444 saepe

164 1480 217 1545 qui
240 1475 317 1530 nihil
343 1494 447 1532 eorum
474 1480 622 1545 cogitant,
648 1480 672 1532 si
698 1476 820 1545 quando
849 1479 884 1532 iis
912 1474 1058 1532 ludentes

164 1579 314 1648 minamur
323 1579 572 1646 praecipitaturos
581 1575 732 1645 alicunde,
743 1581 954 1633 extimescunt.
972 1574 1057 1646 Quin

166 1668 259 1733 etiam
274 1662 393 1747 ‘ferae’
409 1681 510 1748 inquit
526 1676 681 1747 PacuviuS,

166 1764 292 1848 ‘quibus
306 1779 394 1837 abest
404 1779 443 1836 ad
457 1779 700 1850 praecavendum
710 1778 913 1848 intellegendi
924 1779 1056 1848 astutia,’

105 1885 143 1935 32
166 1884 279 1937 iniecto
293 1888 410 1938 terrore
425 1885 530 1937 mortis
546 1867 762 1937 ‘horrescunt'
807 1877 883 1950 Quis
898 1887 1002 1936 autem
1017 1880 1058 1937 de

165 1986 230 2052 ipso
244 1986 381 2052 sapiente
396 1981 485 2039 aliter
501 1986 654 2038 existimat
669 1986 752 2052 quin,
768 1985 860 2038 etiarn
872 2000 941 2037 cum
952 1981 1059 2038 decre-

166 2087 244 2140 verit
264 2103 329 2140 esse
349 2082 551 2153 moriendum,
565 2091 671 2139 tamen
692 2082 825 2140 discessu
847 2102 864 2137 a
886 2087 946 2139 suis
964 2091 1059 2153 atque

166 2188 231 2255 ipsa
255 2182 456 2254 relinquenda
481 2183 550 2241 luce
575 2185 753 2241 moveatur?
780 2184 931 2240 -Maxime
953 2192 1059 2242 autem

166 2289 197 2340 in
213 2285 271 2341 hoc
286 2284 409 2355 quidem
424 2304 538 2355 genere
554 2290 597 2342 vis
609 2293 656 2344 est
669 2290 828 2357 perspicua
838 2293 976 2355 naturae,
989 2306 1058 2343 curn

168 2393 200 2442 et
221 2386 453 2443 mendicitatem
475 2385 565 2443 multi
589 2391 803 2458 perpetiantur
827 2394 863 2443 ut
888 2391 1001 2457 vivant,
1026 2395 1059 2444 et

167 2494 319 2557 angantur
339 2491 632 2559 appropinquatione
647 2492 752 2545 mortis
767 2487 899 2545 confecti
918 2488 1059 2546 homines

168 2597 339 2659 senectute,
350 2597 383 2646 et
398 2609 434 2647 ea
448 2589 605 2660 perferant
616 2609 693 2661 quae
707 2588 909 2646 Philoctetam
921 2589 1059 2647 videmus

167 2695 200 2746 in
214 2690 342 2760 fabulis;
363 2695 416 2761 qui
431 2711 500 2749 cum
515 2695 699 2749 cruciaretur
712 2710 774 2747 non
794 2690 928 2748 ferendis
948 2690 1060 2748 dolori-

170 2791 234 2862 bus,
254 2794 442 2864 propagabat
461 2801 564 2850 tamen
584 2797 678 2850 vitain
699 2797 846 2865 aucupi0;
868 2778 1060 2862 ‘configebat

168 2894 272 2951 tardus
291 2894 417 2966 celeres,
432 2903 515 2952 stans
535 2894 692 2964 volantes}
709 2903 743 2952 ut
762 2894 844 2965 apud
858 2895 981 2952 Attium
1002 2903 1060 2966 est,

399 3035 498 3084 ¹item:
510 3035 583 3083 Mdv.
599 3035 668 3100 conj.
684 3035 761 3084 idem.

397 3098 456 3149 ²si:
474 3102 570 3150 Miiller
581 3100 652 3165 conj.
666 3101 740 3164 quia.

252 3176 312 3236 426
