2332 3698
400 219 549 278 CICERO
572 218 629 276 DE
651 217 819 278 FINIBUS

165 363 233 401 mus
261 345 478 412 consequentia
506 345 675 411 exquirere,
703 339 803 409 quoad
831 343 871 396 sit
907 340 940 398 id
978 340 1055 412 quod

166 426 304 483 volumus
329 424 490 487 effectum:
523 424 604 494 quod
630 423 752 494 quidem
778 423 872 494 pluris
897 432 946 482 est
976 424 1054 482 haud

167 510 256 580 paulo
270 513 426 579 magisque
440 513 539 579 ipsum
553 515 678 578 propter
691 527 723 564 se
741 506 953 578 expetendum
968 528 1054 579 quam

166 601 220 650 aut
242 611 348 649 sensus
373 599 426 649 aut
450 596 582 662 corporis
607 611 643 648 ea
671 610 749 661 quae
778 591 920 661 diximuS,
947 593 1054 662 quibus

166 684 288 733 tantum
311 683 446 746 praestat
467 679 580 732 mentis
603 675 756 732 excellens
779 674 928 746 perfectio
951 683 989 732 ut
1009 680 1054 731 vix

167 763 293 830 cogitari
316 764 411 830 possit
433 759 506 829 quid
525 763 654 816 intersit.
700 757 808 828 ltaque
830 763 928 815 omnis
950 759 1055 827 honoS,

167 847 264 900 omnis
286 843 456 913 admiratio,
478 862 567 900 omne
586 842 722 899 studium
741 841 780 899 ad
799 846 945 898 virtutem
966 850 1001 899 et
1018 841 1055 898 ad

166 947 217 984 eas
231 932 366 984 actiones
381 946 457 996 quae
472 930 578 982 virtuti
592 932 815 982 consentaneae
830 932 902 982 sunt
912 925 1056 996 refertur,

167 1030 262 1081 eaque
282 1014 383 1067 omnia
402 1029 479 1079 quae
499 1016 552 1065 aut
574 1014 618 1066 ita
639 1012 672 1064 in
694 1013 802 1065 animis
830 1015 902 1065 sunt
929 1016 985 1066 aut
1013 1013 1056 1066 ita

165 1101 315 1165 geruntur
329 1113 389 1149 uno
404 1096 527 1149 nomine
542 1091 671 1149 honesta
684 1092 835 1149 dicuntur.

208 1164 371 1248 “Quorum
379 1180 515 1232 omnium
524 1195 601 1246 quae
611 1179 952 1245 sintnotitiaequaeque
961 1180 1056 1246 signi-

165 1261 295 1318 ficentur
315 1250 434 1317 reruml
454 1259 606 1316 vocabulis
627 1278 766 1330 quaeque
788 1262 934 1328 cuiusque
956 1263 1002 1317 vis
1025 1267 1057 1317 et

105 1343 139 1401 61
166 1353 273 1402 natura
287 1349 327 1401 sit
347 1364 416 1411 mox
436 1343 624 1410 videbimus;
656 1342 757 1399 XXII.
788 1342 845 1399 hoc
864 1350 968 1399 autem
989 1343 1057 1401 loco

165 1435 286 1485 tantum
300 1427 495 1497 explicemuS,
505 1426 581 1483 haec
594 1426 723 1483 honesta
737 1445 814 1496 quae
828 1426 906 1496 dico,
921 1435 1059 1496 praeter-

166 1531 255 1581 quam
270 1510 351 1580 quod
365 1517 486 1566 nosmet
499 1514 579 1579 ipsos
593 1508 764 1580 diligamus,
779 1517 937 1580 praeterea
948 1519 1057 1582 suapte

166 1601 274 1649 natura
296 1612 350 1663 per
372 1612 404 1649 se
427 1611 493 1649 esse
515 1593 697 1663 expetenda.
743 1593 885 1651 Indicant
906 1598 1004 1665 pueri,
1025 1591 1072 1652 in'

165 1678 273 1747 quibus
287 1680 368 1733 utin
383 1676 513 1748 speculis
527 1683 636 1733 natura
646 1681 787 1734 cernitur.
822 1675 945 1747 Quanta
956 1679 1058 1736 studia

165 1760 389 1817 decertantium
412 1760 501 1817 sunt!
526 1768 640 1831 quanta
664 1765 730 1831 ipsa
748 1762 930 1817 certamina!
954 1768 990 1818 ut
1013 1763 1057 1819 illi

167 1844 334 1901 efferuntur
344 1844 462 1901 laetitia
476 1864 545 1900 cum
560 1845 715 1901 vicerunt!
731 1852 767 1901 ut
780 1844 878 1915 pudet
892 1847 1006 1902 victos!
1022 1854 1058 1903 ut

166 1947 198 1985 se
214 1933 346 1984 accusari
360 1927 487 1984 nolunt!
511 1947 601 1997 quam
616 1931 744 1998 cupiunt
757 1927 891 1985 laudari!
914 1948 989 1998 quos
1012 1930 1056 1986 illi

165 2011 284 2068 labores
299 2000 381 2068 non2
394 2010 555 2080 perferunt
569 2019 604 2067 ut
618 2011 789 2081 aequalium
804 2015 956 2082 principes
976 2013 1056 2070 sint!

165 2114 243 2165 quae
272 2098 417 2151 memoria
446 2102 493 2151 est
521 2099 553 2150 in
582 2099 618 2151 iis
646 2095 726 2152 bene
757 2099 952 2166 merentium,
978 2115 1057 2166 quae

166 2178 346 2235 referendae
366 2182 483 2247 gratiae
505 2178 671 2248 cupiditas!
715 2178 818 2248 Atque
839 2198 875 2235 ea
891 2183 924 2234 in
941 2183 1058 2250 optima

166 2280 284 2331 quaque
298 2260 401 2317 indole
415 2266 545 2318 maxime
556 2268 713 2333 apparent,
725 2265 756 2318 in
768 2281 827 2332 qua
838 2261 914 2319 haec
928 2262 1059 2321 honesta

166 2364 243 2414 quae
258 2343 466 2414 intellegimus
483 2365 501 2400 a
522 2352 630 2402 natura
653 2337 806 2416 tamquam
827 2345 1056 2404 adumbrantur.

105 2423 144 2483 62
168 2428 230 2486 Sed
250 2428 325 2484 haec
345 2431 377 2483 in
397 2432 517 2498 pueris;
543 2448 683 2499 expressa
703 2448 773 2485 vero
793 2433 825 2485 in
847 2434 883 2486 iis
904 2431 1058 2488 aetatibus

166 2531 243 2582 quae
257 2516 317 2568 iam
331 2511 525 2570 confirmatae
539 2520 618 2569 sunt.
664 2510 740 2582 Quis
760 2520 807 2569 est
826 2520 889 2569 tam
904 2513 1058 2572 dissimilis

193 2661 399 2748 'significentur
414 2701 501 2734 rerum
519 2685 565 2733 ins.
581 2685 670 2744 MSS„
686 2686 758 2734 Mdv.
772 2704 778 2744 3
795 2687 952 2751 significent
969 2705 1058 2739 rerum

170 2749 200 2806 B,
221 2749 260 2803 E;
287 2750 360 2798 Mdv.
382 2749 451 2814 conj.
471 2751 661 2815 significentur
676 2768 782 2809 eorum
802 2753 889 2801 Davis
909 2754 1058 2819 quibusque

168 2812 566 2944 Silllqffdrlllllee'ddylndv.

161 3007 237 3014 s-—u—
587 3011 722 3016 ———
726 3012 855 3018 ----.-.-
916 3015 1031 3020 ---—-
1049 3017 1058 3023 ,

528 3096 608 3144 aun.
623 3099 687 3160 567.

251 3171 310 3230 462
