2332 3698
446 234 597 297 CICERO
619 234 677 294 DE
698 235 867 295 FINIBUS

213 359 384 419 Antiochus
406 361 540 418 libenter
558 363 604 417 uti
624 358 709 416 solet.
755 355 812 415 Ille
834 360 928 426 igitur
946 355 1024 413 vidit
1043 375 1105 442 non

213 469 303 527 modo
323 478 398 539 quot
412 469 542 526 fuissent
555 467 656 525 adhuc
670 466 918 538 philosophorum
932 465 971 522 de
987 483 1105 522 summo

214 578 294 635 bono
322 577 377 635 sed
405 584 480 648 quot
508 580 631 633 omnino
667 594 732 633 esse
761 581 886 647 possent
920 577 1102 630 sententiae.

214 685 356 755 Negabat
384 689 478 755 igitur
507 683 599 741 ullam
626 702 691 741 esse
717 690 815 740 artem
837 701 914 753 quae
940 685 1004 752 ipsa
1029 701 1047 737 a
1072 701 1105 738 se

213 794 469 865 proficisceretur;
492 797 608 851 etenim
630 812 751 863 semper
769 791 846 849 illud
861 799 947 848 extra
961 797 1008 847 est
1023 789 1106 860 quod

213 910 279 961 arte
302 902 578 975 comprehenditur.
624 901 708 958 Nihil
724 920 799 971 opus
814 907 862 957 est
876 899 1024 970 exemplis
1047 897 1106 956 hoc

213 1011 314 1070 facere
336 1012 472 1082 longiusj
496 1018 544 1068 est
568 1013 650 1067 enim
667 1013 860 1081 perspicuum
877 1008 992 1065 nullam
1006 1015 1106 1064 artem

213 1124 310 1192 ipsam
334 1123 366 1176 in
391 1139 424 1178 se
449 1122 570 1189 versari,
595 1117 650 1176 sed
675 1137 741 1176 esse
766 1116 849 1175 aliud
876 1124 975 1174 artem
999 1120 1107 1188 ipsam,

214 1229 296 1287 aliud
316 1228 398 1300 quod
420 1232 609 1300 propositum
629 1231 668 1285 sit
689 1230 763 1295 arti;
783 1230 925 1297 quoniam
944 1229 1048 1297 igitur,
1071 1233 1107 1283 ut

198 1338 366 1408 >medicina
393 1337 586 1417 valetudinis,
615 1339 816 1406 navigationis
841 1336 1034 1406 gubernatio,
1063 1338 1106 1392 sic

212 1445 335 1502 vivendi
357 1464 404 1501 ars
424 1452 472 1502 est
491 1444 664 1515 prudentia,
683 1463 810 1502 necesse
830 1452 878 1502 est
898 1463 965 1501 eam
984 1463 1106 1513 quoque

154 1557 190 1616 17
213 1553 252 1610 ab
266 1551 366 1622 aliqua
380 1571 413 1609 re
429 1570 495 1609 esse
515 1556 714 1609 constitutam
730 1559 762 1609 et
776 1551 952 1623 profectam.
987 1552 1107 1609 Consti·

213 1665 254 1718 tit
276 1668 380 1718 autem
402 1659 467 1717 fere
490 1664 572 1718 inter
597 1679 712 1731 omnes,
737 1660 780 1731 id,
805 1665 837 1717 in
862 1680 922 1731 quo
943 1661 1107 1732 prudentia

214 1776 385 1829 versaretur
399 1775 432 1826 et
446 1768 528 1839 quod
542 1773 661 1839 assequi
683 1768 787 1840 vellet,
806 1777 913 1841 aptum
935 1777 968 1827 et
988 1789 1106 1827 accom-

213 1878 371 1935 modatum
385 1884 511 1935 naturae
527 1896 593 1936 esse
608 1885 749 1949 oportere
764 1886 797 1936 et
811 1878 873 1935 tale
888 1885 924 1935 ut
937 1882 1035 1949 ipsum
1051 1898 1107 1950 per

214 2006 246 2045 se
260 1990 405 2043 invitaret
419 1993 452 2043 et
465 1985 603 2043 alliceret
616 1990 788 2057 appetitum
798 1990 901 2058 animi,
912 2006 1003 2057 quern
1016 1985 1107 2059 ὁρμήν

215 2095 324 2152 Graeci
348 2102 466 2152 vocant.
511 2093 594 2164 Quid
618 2102 722 2152 autem
747 2099 787 2152 sit
811 2094 893 2165 quod
917 2099 961 2153 ita
984 2104 1107 2154 moveat

213 2205 317 2272 itaque
332 2222 350 2257 a
364 2208 473 2259 natura
487 2205 519 2258 in
529 2206 628 2272 primo
639 2210 707 2260 ortu
719 2211 891 2274 appetatur,
901 2223 963 2260 non
975 2211 1105 2274 constat,

213 2308 313 2379 deque
328 2328 365 2366 eo
380 2316 428 2365 est
441 2313 523 2366 inter
533 2309 738 2382 philosopboS,
749 2331 819 2369 cum
830 2331 980 2369 summum
991 2313 1105 2370 bonum

213 2413 391 2493 exquiritur,
407 2413 504 2467 omnis
519 2410 674 2470 dissensio.
702 2413 808 2471 Totius
823 2417 904 2470 enim
919 2417 1105 2483 quaestionis

214 2516 278 2570 eius
293 2530 370 2581 quae
388 2510 519 2570 habetur
538 2512 578 2570 de
598 2513 707 2572 finibus
727 2516 875 2572 bonorum
895 2523 928 2573 et
946 2514 1105 2587 malorum,

214 2633 284 2671 cum
298 2616 454 2683 quaeritur
468 2617 500 2670 in
519 2600 567 2672 bis
588 2615 661 2686 quid
679 2620 719 2674 sit
739 2624 919 2687 extremum,
939 2617 1014 2687 quid
1033 2618 1105 2675 ulti·

213 2733 307 2784 mum,
321 2712 389 2771 fons
404 2715 603 2785 reperiendus
618 2720 711 2773 estin
726 2736 786 2787 quo
800 2721 862 2775 sint
881 2721 978 2788 prima
996 2722 1105 2777 invita-

213 2821 319 2872 menta
332 2822 475 2884 naturae3
490 2836 550 2887 quo
565 2822 691 2875 invento
702 2822 799 2875 omnis
811 2820 849 2876 ab
861 2838 897 2876 eo
909 2824 993 2889 quasi
1004 2824 1105 2892 capite

116 2963 119 2968 .
213 2915 252 2974 de
267 2936 385 2974 summo
399 2918 479 2975 bono
494 2925 527 2975 et
540 2919 620 2976 malo
634 2919 800 2991 disputatio
814 2920 943 2978 ducitur.

154 3023 190 3075 18
256 3017 324 3076 Vll.
341 3003 540 3091 “Voluptatis
554 3019 605 3076 alii
619 3023 751 3092 primum
764 3025 936 3093 appetitum
950 3030 1062 3094 putant
1073 3032 1105 3083 et

213 3123 340 3190 primam
355 3119 566 3191 depulsionem
580 3120 706 3190 doloris;
728 3126 911 3181 vacuitatem
926 3124 1038 3182 doloris
1054 3125 1105 3183 alii

297 3209 356 3260 408
