2332 3698
451 249 602 309 CICERO
624 250 682 308 DE
703 250 872 311 FINIBUS

216 378 344 429 censent
360 375 491 442 primum
508 376 633 430 ascitam
651 379 683 430 ct
700 377 832 444 primum
848 373 1037 431 declinatum
1054 374 1108 431 do-

215 473 330 542 lorem;
359 475 398 530 ab
420 477 456 531 iis
479 474 531 530 alii
553 494 631 545 quae
654 478 750 545 prima
775 474 943 532 secundum
967 483 1108 532 naturam

215 579 374 632 nominant
388 575 627 647 proficiscuntur,
642 579 674 632 in
689 577 797 647 quibus
812 585 975 635 numerant
992 576 1108 634 incolu-

214 663 354 735 mitatem
375 672 695 749 conservationemque
714 682 850 736 omnium
869 683 1011 750 partium,
1026 679 1107 737 vale-

214 780 364 850 tudinem,
384 800 489 838 sensus
508 785 655 852 integros,
675 780 786 839 doloris
806 785 1001 852 vacuitatem,
1019 786 1108 852 vires,

128 882 130 886 ’
214 882 484 953 pulchritudinem,
499 889 602 940 cetera
616 886 738 952 generis
758 883 905 953 eiusdem,
920 903 1049 954 quorum
1068 887 1107 940 si-

214 985 297 1064 milia
316 992 388 1042 sunt
406 989 503 1056 prima
522 989 554 1042 in
574 988 691 1056 animiS,
709 989 793 1055 quasi
810 990 958 1043 virtutum
980 985 1108 1056 igniculi

215 1093 248 1144 et
262 1091 385 1144 semina.
430 1087 476 1144 Ex
490 1085 538 1145 his
552 1088 649 1145 tribus
664 1107 734 1145 cum
748 1108 842 1146 unum
857 1087 972 1159 aliquid
990 1091 1029 1145 sit
1046 1108 1107 1159 quo

214 1193 345 1260 primum
359 1197 468 1247 natura
484 1197 642 1248 moveatur
656 1189 704 1248 vel
721 1190 761 1248 ad
778 1188 987 1262 appetendum
1001 1189 1050 1247 vel
1067 1189 1107 1247 ad

213 1290 426 1361 repellendum
454 1310 512 1348 nec
537 1291 704 1362 quidquam
728 1295 852 1349 omnino
880 1299 1003 1363 praeter
1030 1291 1107 1349 haec

213 1395 273 1448 tria
296 1396 392 1463 possit
420 1411 497 1462 esse,
521 1411 647 1450 necesse
673 1401 720 1450 est
745 1396 869 1450 omnino
894 1393 1024 1450 officium
1040 1401 1107 1451 'aut

209 1492 348 1562 fugiendi
369 1499 422 1549 aut
443 1493 592 1562 sequendi
612 1493 652 1551 ad
673 1513 778 1551 eorum
799 1494 914 1565 aliquid
935 1493 1051 1565 referri,
1070 1502 1107 1552 ut

169 1675 172 1678 ἢ
213 1592 265 1678 illa
294 1592 456 1665 prudentia
481 1612 572 1663 quam
596 1595 694 1652 artem
719 1598 800 1654 vitae
826 1615 892 1654 esse
917 1596 1048 1654 diximus
1073 1601 1106 1654 in

147 1743 149 1746 Α
213 1715 316 1753 earum
330 1698 423 1753 trium
437 1715 537 1753 rerum
551 1696 653 1767 aliqua
663 1704 800 1755 versetur
813 1718 832 1754 a
846 1717 905 1768 qua
919 1701 1013 1756 totius
1023 1702 1105 1757 vitae

109 1793 128 1800 ”
170 1794 173 1800 ’
202 1797 305 1856 'ducat
319 1798 483 1856 exordium.

153 1905 190 1966 19
254 1886 327 1957 “Ex
350 1920 387 1958 eo
410 1908 513 1958 autem
532 1901 614 1971 quod
637 1878 779 1959 statuerit
802 1920 867 1959 esse
890 1921 950 1972 quo
972 1905 1104 1973 primurn

212 2005 320 2059 natura
345 2009 511 2072 moveatur,
537 2006 665 2060 exsistet
688 2005 764 2060 recti
790 2006 882 2060 etiam
908 2005 985 2061 ratio
1010 2011 1103 2075 atque

212 2079 344 2173 llonesti,
359 2123 436 2174 quae
452 2122 521 2160 cum
534 2102 636 2173 aliquo
650 2123 711 2160 uno
725 2123 764 2160 ex
781 2105 878 2162 tribus
898 2103 957 2162 illis
974 2124 1104 2176 congru-

212 2225 263 2264 ere
286 2210 392 2276 possit,
414 2212 450 2262 ut
472 2212 525 2262 aut
547 2204 580 2262 id
602 2205 766 2262 honestum
789 2209 838 2277 sit,
861 2206 961 2264 facere
984 2196 1103 2264 omnia¹

211 2307 375 2376 voluptatis
397 2324 485 2362 causa
509 2309 629 2363 etiamsi
653 2325 721 2363 eam
745 2326 808 2364 non
833 2327 1028 2380 consequare,
1050 2315 1104 2366 aut

211 2427 273 2465 non
292 2407 417 2465 dolendi
437 2409 556 2464 etiamsi
575 2406 608 2464 id
628 2412 747 2479 assequi
766 2429 910 2481 nequeas,
925 2417 978 2467 aut
998 2430 1102 2468 eorum

210 2510 288 2594 quae
313 2510 481 2568 secundum
509 2516 650 2567 naturam
675 2517 747 2567 sunt
770 2510 959 2582 adipiscendi
984 2515 1102 2570 etiamsi

126 2610 129 2617 ’
210 2612 286 2670 nihil
301 2631 493 2682 consequare.
538 2611 587 2668 lta
598 2610 632 2668 fit
646 2617 682 2668 ut
696 2619 810 2681 quanta
823 2611 995 2671 differentia
1009 2620 1057 2671 est
1070 2617 1101 2671 in

209 2717 364 2786 principiis
383 2713 581 2785 naturalibus
600 2720 688 2770 tanta
709 2716 750 2770 sit
771 2713 932 2772 infinibus
955 2715 1102 2771 bonorum

203 2816 416 2885 'malorumque
445 2814 774 2872 dissimilitudo-Alii
802 2833 920 2872 rursum
949 2814 1056 2873 iisdem
1084 2834 1102 2872 a

142 2971 144 2975 .
203 2920 363 2989 ‘principiis
378 2935 467 2973 omne
483 2916 612 2972 officium
631 2914 768 2973 referent
787 2923 841 2973 aut
859 2915 899 2973 ad
912 2915 1101 2986 voluptatem

322 3150 414 3200 'After
424 3148 516 3199 omnia
528 3148 606 3198 MSS.
621 3147 677 3198 add
689 3153 747 3208 aut,
761 3148 837 3198 Mdv.
850 3147 987 3198 brackets.

292 3235 354 3286 410
