2332 3698
447 203 597 264 CICERO
620 204 678 262 DE
700 203 869 262 FINIBUS

210 332 340 402 putavit,
349 347 455 386 vereor
470 347 510 384 ne
525 346 596 384 vera
610 330 680 383 sint.
727 325 807 382 Nam
818 324 895 381 illud
906 323 1108 383 vehementer

211 443 373 507 repugnat,
392 434 525 492 eundem
547 435 673 490 beatum
694 452 761 490 esse
781 440 814 490 et
831 431 936 489 multis
953 431 1043 490 malis
1057 451 1107 503 op

213 561 358 614 pressum.
404 541 492 597 Haec
512 540 664 611 quomodo
686 544 869 596 conveniant
890 558 953 595 non
975 559 1049 596 sane
1063 542 1108 596 in-

214 642 359 712 telleg0.”
404 627 544 700 “Utrum
558 646 653 712 igitur
672 641 758 711 tibi,”
775 644 884 712 inquit,
899 626 919 653 “
926 661 989 697 non
1008 641 1110 712 placet

216 748 377 802 virtutisne
394 764 459 801 esse
476 752 595 801 tantam
609 748 670 800 vim
685 752 720 800 ut
734 743 774 800 ad
787 744 878 800 beate
896 743 1063 800 vivendum
1079 762 1110 800 se

216 851 281 917 ipsa
296 853 443 903 contenta
454 850 504 916 sit,
516 867 565 916 an,
577 850 601 903 si
613 845 645 901 id
656 846 774 916 probas,
786 845 851 902 fieri
862 849 906 901 ita
916 863 1004 915 posse
1019 863 1112 915 negas

121 962 124 967 '
219 956 254 1006 ut
278 952 299 1004 ii
322 951 375 1018 qui
399 952 520 1005 virtutis
546 955 702 1018 compotes
720 933 790 1003 ⁴sint
815 951 908 1004 etiam
933 945 1114 1016 quibusdam

218 1049 305 1106 malis
319 1048 420 1106 affecti
437 1049 519 1106 beati
534 1048 639 1106 sint?’'
684 1034 777 1118 “Ego
791 1068 863 1106 vero
878 1048 945 1105 volo
956 1052 989 1104 in
1000 1051 1114 1105 virtute

218 1155 279 1206 vim
295 1169 361 1208 esse
377 1170 468 1221 quam
482 1141 660 1219 maximam;
682 1151 737 1208 sed
751 1158 866 1221 quanta
879 1153 919 1207 sit
933 1149 1017 1218 aliaS,
1031 1168 1114 1206 nunc

220 1259 343 1309 tantum
358 1256 493 1322 possitne
508 1272 574 1310 esse
589 1260 685 1322 tanta,
701 1257 725 1310 si
741 1252 906 1323 quidquam
921 1259 1009 1308 extra
1022 1253 1115 1308 virtu·

163 1360 200 1417 78
223 1362 289 1410 tem
300 1353 449 1411 habeatur
459 1358 491 1410 in
503 1355 619 1411 bonis’‘
657 1341 809 1425 “Atqui,”
822 1358 932 1424 inquit,
942 1339 961 1365 “
971 1357 996 1410 si
1008 1353 1117 1411 Stoicis

223 1455 365 1512 concedis
380 1462 415 1511 ut
429 1459 524 1512 virtus
539 1456 602 1513 sola
616 1461 641 1514 si
655 1460 730 1514 assit
746 1462 840 1513 vitam
858 1456 967 1513 efficiat
984 1455 1117 1522 beatam,

225 1555 366 1612 concedis
387 1560 481 1613 etiam
502 1557 721 1629 Peripateticis.
766 1556 854 1627 Quae
874 1560 957 1614 enim
976 1554 1057 1613 mala
1074 1554 1118 1611 illi

226 1677 288 1714 non
302 1657 419 1714 audent
432 1659 596 1730 appellare,
608 1680 714 1731 aspera
723 1668 827 1717 autem
839 1666 872 1716 et
882 1656 1076 1715 incommoda
1086 1662 1118 1712 et

228 1759 381 1816 reicienda
402 1766 436 1817 et
455 1760 554 1817 aliena
575 1769 702 1818 naturae
724 1781 790 1819 esse
811 1759 996 1828 concedunt,
1011 1777 1048 1814 ea
1064 1775 1119 1813 nos

227 1860 306 1916 mala
320 1860 448 1918 dicimus
467 1860 522 1919 sed
541 1868 651 1932 exigua
670 1870 703 1920 et
721 1882 819 1934 paene
838 1865 971 1918 minima.
1017 1857 1118 1929 Quare

229 1965 254 2018 si
267 1968 371 2032 potest
386 1981 452 2036 esse
467 1964 574 2022 beatus
589 1969 614 2022 is
628 1968 681 2036 qui
699 1972 746 2022 est
763 1969 795 2021 in
813 1967 926 2035 asperis
943 1957 1119 2018 reiciendis-

229 2082 288 2133 que
310 2064 409 2133 rebus,
425 2072 528 2134 potest
549 2071 573 2124 is
595 2087 715 2138 quoque
737 2086 804 2124 esse
825 2069 877 2136 qui
899 2069 947 2122 est
967 2066 1000 2119 in
1021 2064 1120 2133 parvis

230 2164 346 2222 malis.”
391 2167 432 2223 Et
443 2188 516 2239 ego:
539 2155 559 2182 “
568 2173 645 2243 Piso,
656 2177 790 2244 inquam,
801 2176 827 2229 si
838 2177 886 2228 est
896 2171 1058 2239 quisquam
1068 2164 1120 2232 qui

231 2273 320 2322 acute
340 2271 371 2322 in
391 2275 487 2328 causis
506 2274 611 2331 videre
630 2274 727 2331 soleat
746 2293 823 2344 quae
843 2290 891 2328 res
910 2275 1029 2338 agatur,
1043 2269 1069 2320 is
1088 2279 1120 2318 es

231 2367 369 2438 profecto
383 2377 426 2428 tu.
471 2373 573 2444 Quare
593 2377 731 2446 attende,
746 2392 866 2446 quaese.
911 2370 991 2428 Nam
1010 2364 1120 2432 adhuc,

231 2490 300 2527 meo
314 2469 441 2531 fortasse
457 2481 540 2547 vitio,
552 2478 626 2548 quid
641 2497 698 2548 ego
713 2495 856 2548 quaeram
866 2492 930 2529 non
944 2462 1119 2542 perspicis.’'

232 2557 331 2630 “Istic
353 2577 449 2646 sum,”
466 2583 574 2650 inquit,
590 2565 821 2651 “exspectoque
836 2572 916 2647 quid·
929 2572 969 2629 ad
987 2570 1021 2627 id
1039 2563 1121 2639 quod

231 2681 414 2747 quaerebam
428 2682 641 2753 respondeas.”

171 2780 210 2850 79
232 2782 362 2841 XXVII.
386 2771 615 2855 “Respondebo
637 2801 686 2838 me
708 2801 770 2837 non
792 2775 968 2850 quaerere,’'
987 2777 1122 2845 inquam,

230 2877 315 2947 “hoc
336 2897 475 2959 tempore
498 2885 572 2955 quid
593 2889 688 2941 virtus
711 2881 828 2939 efficere
849 2882 956 2949 possit,
971 2876 1027 2934 sed
1049 2873 1124 2947 quid

230 2963 406 3051 constanter
438 2989 566 3056 dicatur,
593 2984 667 3055 quid
695 2989 794 3055 ipsum
822 3001 840 3037 a
856 3000 900 3054 'se
929 2975 1122 3036 dissentiat.'’

230 3081 354 3165 “Qum'’
376 3094 487 3162 inquit,
505 3074 665 3144 “modo?”
711 3071 818 3154 “Quia
839 3101 909 3138 cum
929 3100 948 3136 a
969 3078 1123 3151 Zenone‚‘’

317 3183 377 3236 480
