2332 3698
400 218 551 278 CICERO
574 217 632 277 DE
654 217 823 277 FINIBUS

164 358 225 395 non
248 337 369 410 habeat,
384 360 446 397 non
466 339 630 397 admodum
649 340 791 410 flagitem.
838 338 882 396 Re
899 337 975 395 mihi
994 356 1056 394 non

164 460 261 511 aeque
276 441 423 499 satisfacit
429 431 450 512 ¹,
462 449 495 500 et
506 442 630 512 quidem
640 442 714 500 locis
725 441 868 513 pluribus.
893 439 955 499 Sed
966 425 1056 510 ‘quot

165 542 313 613 homines,
345 551 393 600 tot
418 543 618 612 sententiae’3
652 543 717 600 falli
746 547 840 613 igitur
867 540 1054 614 possumus”

165 629 397 714 “Quamobrem
419 645 575 715 tandem,’'
601 624 711 716 inquit,
730 630 818 701 “non
837 642 1001 702 satisfacit?
1023 650 1056 700 te

165 749 247 802 enim
270 745 402 804 iudicem
426 767 557 818 aequum
579 756 665 818 puto,
687 747 778 805 modo
799 765 877 816 quae
900 744 983 803 dicat
1005 744 1057 801 ille

106 843 143 903 16
165 847 244 904 bene
279 848 390 905 noris.”
446 834 537 906 “Nisi
572 848 648 905 mihi
685 847 885 918 Phaedrum,”
922 851 1056 918 inquam,

165 933 359 1007 “mentitum
381 957 435 1008 aut
457 951 612 1008 Zenonem
629 957 728 1022 putaS,
746 970 873 1021 quorum
893 956 1056 1020 utrumque

164 1050 275 1121 audivi,
304 1070 373 1108 cum
402 1051 476 1109 mihi
505 1052 582 1109 nihil
611 1072 683 1110 sane
711 1058 833 1124 praeter
861 1050 1057 1108 sedulitatem

164 1153 337 1224 probarent,
353 1173 457 1211 omnes
468 1153 543 1210 mihi
557 1154 680 1225 Epicuri
694 1157 865 1212 sententiae
880 1156 952 1210 satis
966 1159 1058 1210 notae

164 1260 236 1310 sunt
243 1273 251 1323 ;
272 1261 365 1324 atque
389 1274 439 1312 eos
463 1274 538 1325 quos
560 1259 713 1312 nominavi
736 1275 806 1312 cum
828 1254 934 1312 Attico
954 1261 1057 1312 nostro

165 1353 343 1425 frequenter
353 1354 463 1426 audivi,
476 1376 546 1413 cum
560 1361 720 1413 miraretur
734 1355 786 1414 ille
802 1355 926 1426 quidem
940 1362 1056 1413 utrum-

164 1475 234 1527 que,
265 1457 436 1515 Phaedrum
465 1466 568 1516 autem
597 1461 690 1515 etiam
719 1465 850 1527 amaret3
883 1457 1056 1528 cotidieque

164 1561 246 1615 inter
260 1578 315 1616 nos
335 1579 466 1630 eaquae
485 1559 682 1617 audiebamus
702 1559 941 1630 conferebamus
955 1579 1056 1630 neque

165 1667 230 1716 erat
243 1679 387 1730 umquam
402 1665 604 1718 controversia
617 1661 691 1731 quid
701 1680 760 1732 ego
770 1661 993 1732 intellegerem,
1003 1660 1057 1720 sed

164 1760 237 1830 quid
251 1762 440 1832 probarem.”

106 1864 140 1921 17
206 1860 258 1918 VI.
283 1848 392 1934 “Quid
419 1867 514 1933 igitur
542 1864 632 1920 est?''
664 1867 779 1934 inquit3
815 1849 945 1921 “audire
974 1868 1056 1921 enim

165 1966 254 2033 cupio
268 1963 342 2033 quid
363 1984 426 2021 non
440 1964 578 2035 probes’'
625 1950 831 2036 “Principio,’'
848 1969 982 2036 inquam,
998 1950 1056 2022 “in

163 2062 305 2135 physicis,
320 2066 429 2136 quibus
442 2069 573 2122 maxime
587 2065 743 2137 gloriatur,
758 2069 889 2137 primum
908 2073 992 2123 totus
1009 2073 1057 2124 est

163 2164 288 2223 alienus,
334 2167 530 2224 Democritea
544 2167 629 2238 dicit,
640 2187 792 2239 perpauca
802 2174 934 2237 mutanS,
949 2166 1004 2224 sed
1013 2171 1056 2225 ita

160 2273 196 2323 ut
221 2287 257 2323 ea
282 2287 359 2337 quae
383 2272 533 2339 corrigere
557 2267 623 2326 vult
645 2269 720 2325 mihi
743 2268 867 2339 quidem
890 2267 1055 2339 depravare

163 2367 309 2425 videatur.
355 2368 412 2425 Ille
427 2376 544 2426 atomos
558 2389 632 2440 quas
646 2369 791 2441 appellat,
811 2368 844 2426 id
864 2377 912 2427 est
932 2390 1056 2441 corpora

161 2467 317 2525 individua
328 2455 452 2541 propter
464 2469 658 2541 soliditatem,
670 2477 776 2529 censet
787 2474 819 2526 in
832 2470 951 2528 infinito
962 2475 1054 2543 inani,
1087 2476 1088 2480 ’

160 2570 193 2624 in
207 2589 267 2640 quo
279 2570 355 2627 nihil
370 2591 427 2629 nec
442 2591 593 2629 summum
612 2591 670 2629 nec
689 2572 826 2629 infimum
841 2591 899 2630 nec
918 2571 1054 2630 medium

161 2688 218 2726 nec
237 2662 401 2729 intimum2
424 2692 481 2730 nec
505 2679 677 2730 extremum
697 2677 746 2743 sit,
769 2676 813 2730 ita
834 2672 907 2730 ferri
926 2680 962 2730 ut
983 2692 1053 2729 con-

160 2772 347 2828 cursionibus
361 2776 443 2830 inter
457 2792 489 2830 se
505 2772 731 2843 cohaerescant,
748 2791 785 2829 ex
806 2792 866 2843 quo
886 2772 1053 2829 efficiantur

197 2877 351 2944 ¹satisfam't
363 2881 435 2935 Mdv.
450 2897 483 2930 as
496 2881 596 2939 below3
616 2882 694 2931 MSS.
709 2882 773 2930 here
784 2882 923 2945 satiffecit.
969 2878 982 2904 0

198 2943 346 2994 'intimum
357 2946 451 3007 Jonas,
466 2948 579 3004 Mollem
591 2948 718 2996 ultimum
731 2947 804 2996 Mdv.
819 2947 884 2994 with
897 2945 975 2995 MSS.

942 3036 1051 3043 --——-

422 3083 573 3142 ⁸Terence,
586 3083 710 3132 Phormio
720 3097 777 3146 454

247 3166 255 3217 l
265 3165 281 3215 8
