2332 3698
399 220 549 280 clcsuo
573 207 821 293 uuismmus

105 353 142 404 13
165 345 307 404 eruditos.
353 343 434 414 Ergo
449 342 493 400 illi
508 343 696 414 intellegunt
711 341 785 413 quid
801 341 948 413 Epicurus
963 336 1056 406 dicat,

165 461 223 513 ego
234 460 296 497 non
311 438 478 509 intellego?
509 439 552 497 Ut
567 443 642 497 scias
653 459 704 497 me
718 437 913 508 intellegere,
923 437 1056 507 primum

165 536 248 595 idem
262 522 347 593 csse1
362 533 430 591 dico
446 520 668 606 ‘voluptatem'
685 534 766 607 quod
786 533 838 591 ille
858 529 969 605 ἡδονήν.
1016 527 1058 585 Et

166 632 290 705 quidem
302 650 391 702 saepe
403 634 574 701 quaerimus
584 632 710 688 verbum
722 631 866 688 Latinum
877 647 931 700 par
940 626 1058 684 Graeco

167 737 200 787 et
209 728 290 799 quod
301 726 384 785 idem
395 727 510 796 valeat3
524 727 574 785 hic
583 727 659 784 nihil
672 727 731 784 fuit
740 725 822 798 quod
833 739 1056 798 quaereremus.

167 824 294 883 Nullum
323 827 451 882 inveniri
475 825 600 882 verbum
624 831 727 895 potest
750 823 832 895 quod
856 823 952 892 magis
975 816 1059 875 idem

168 920 303 979 declaret
319 920 428 978 Latine
446 918 528 990 quod
549 920 675 990 Graece,
695 940 786 991 quam
805 918 940 976 declarat
960 900 1059 971 ‘volu-

168 1017 255 1090 ptas'
279 1018 362 1074 Huic
376 1016 469 1073 verbo
483 1035 589 1073 omnes
603 1020 655 1087 qui
669 1017 781 1087 ubique
796 1021 868 1072 sunt
883 1016 934 1085 qui
950 1010 1061 1068 Latine

169 1118 269 1172 sciunt
283 1112 357 1170 duas
377 1131 425 1169 res
445 1111 608 1182 subiciunt,
623 1111 772 1169 laetitiam
795 1115 827 1167 in
851 1113 962 1178 animo,
977 1125 1060 1163 com-

168 1210 335 1263 motionem
350 1223 473 1262 suavem
488 1204 686 1262 iucunditatis
701 1207 733 1260 in
749 1221 880 1274 corpore.
926 1198 1006 1255 Nam
1028 1203 1062 1254 et

169 1301 222 1360 ille
242 1299 323 1372 apud
344 1299 493 1356 Trabeam
508 1285 714 1370 ‘voluptatem
733 1302 826 1356 animi
845 1293 983 1354 nimiam'
998 1292 1062 1350 lae·

170 1401 270 1454 titiam
280 1396 364 1464 dicit,
374 1393 504 1452 eandem
514 1414 604 1465 quam
611 1393 662 1451 ille
674 1395 860 1452 Caecilianus
872 1395 942 1463 quia
951 1376 1063 1446 ‘omni-

133 1536 137 1544 .
171 1493 227 1550 bus
238 1491 363 1548 laetitiis
374 1489 504 1546 laetum'
518 1509 584 1548 esse
596 1509 628 1547 se
639 1498 749 1547 narrat.
781 1489 842 1549 Sed
853 1488 911 1545 hoc
922 1491 1064 1556 interest,

172 1585 253 1658 quod
262 1571 429 1656 ‘voluptas'
443 1583 554 1643 dicitur
565 1589 658 1643 etiam
669 1590 701 1642 in
712 1589 815 1643 animo
827 1573 947 1655 (vitiosa
958 1600 1016 1650 res,
1027 1586 1065 1637 ut

173 1683 268 1741 Stoici
290 1686 410 1752 putant,
432 1684 483 1752 qui
507 1701 574 1739 eam
597 1685 639 1739 sic
665 1682 831 1739 definiunt:
845 1667 1065 1736 ‘sublationem

173 1781 266 1836 animi
286 1780 351 1834 sine
366 1780 483 1834 ratione
504 1781 656 1849 opinantis
676 1796 709 1834 se
728 1796 840 1848 magno
861 1776 941 1832 bono
964 1758 1065 1842 frui'),

116 1883 152 1933 14
174 1895 236 1932 non
250 1873 362 1932 dicitur
377 1858 522 1930 ‘laetitia’
538 1893 596 1930 nec
612 1864 784 1944 ‘gaudium'
801 1877 833 1928 in
849 1888 980 1941 corpore.
1026 1866 1065 1924 In

175 1990 212 2028 eo
226 1977 329 2027 autem
344 1967 482 2039 voluptas
497 1972 631 2026 omnium
647 1968 756 2027 Latine
775 1967 967 2039 loquentium
980 1981 1066 2022 more

176 2069 309 2138 ponitur,
336 2084 405 2120 cum
430 2068 597 2137 percipitur
622 2085 659 2123 ea
683 2085 760 2136 quae
785 2083 908 2122 sensum
933 2061 1067 2132 aliquem

176 2169 297 2220 moveat
320 2160 499 2219 iucunditas
546 2163 638 2219 Hanc
661 2180 781 2232 quoque
807 2146 1066 2227 ‘iucunditatem'

178 2262 202 2316 si
216 2261 270 2326 vis,
285 2255 416 2313 transfer
430 2261 462 2314 in
476 2262 611 2316 animum
626 2245 771 2327 (‘iuvare’
788 2261 871 2315 enim
890 2259 923 2311 in
937 2260 1068 2324 utroque

179 2353 290 2411 dicitur
306 2370 343 2408 ex
359 2371 455 2422 eoque
471 2340 689 2425 ‘iucundum’),
701 2352 792 2410 modo
806 2351 970 2421 intellegas
984 2353 1068 2406 inter
1096 2352 1099 2360 ‘

178 2449 265 2507 illum
279 2450 331 2518 qui
345 2446 428 2505 dicat

261 2543 361 2602 Tanta
374 2542 491 2603 laetitia
504 2553 611 2604 auctus
625 2565 692 2604 sum
705 2552 741 2603 ut
755 2544 831 2601 nihil
847 2531 990 2612 constet,2

214 2649 281 2728 lasse
298 2649 372 2698 Mdv.
393 2647 530 2708 brackets,
550 2647 598 2697 but
615 2664 657 2712 cp.
679 2634 708 2696 ll
726 2659 767 2711 77,
794 2646 833 2694 lll
859 2660 898 2704 22,
923 2644 948 2691 V
974 2643 1011 2702 18,
1038 2657 1070 2692 κο

183 2715 350 2831 (lllllebdhil
360 2783 474 2829 constet:
485 2795 559 2828 some
572 2779 617 2829 inf.
633 2778 711 2828 MSS.
727 2782 759 2826 ut
769 2776 840 2825 mihi
850 2792 902 2824 non
914 2778 1035 2823 constem.

215 2914 332 2964 rcicero
344 2918 440 2976 quotes
452 2912 497 2959 the
509 2925 586 2959 verse
598 2910 657 2958 also
671 2908 695 2956 Τ
693 2923 745 2956 usc.
760 2922 784 2970 4.
795 2920 827 2969 35
839 2903 896 2953 and
907 2903 945 2951 ad
954 2902 1031 2950 Fam.
1046 2917 1070 2963 2,

184 2997 207 3045 9.
229 2996 242 3028 2
261 2979 362 3042 (where
382 2980 415 3026 he
435 2979 494 3024 also
513 2975 597 3024 refers
614 2979 643 3022 to
661 2975 706 3021 the
724 2973 862 3033 following
882 2970 982 3033 phrase
1002 2968 1072 3016 from

185 3046 319 3096 Caecilius
331 3041 457 3104 Statiusl:
469 3042 488 3089 it
500 3056 619 3105 appears
632 3047 660 3088 to
673 3041 742 3087 have
760 3053 808 3085 run
823 3041 892 3099 ‘ego
905 3037 1072 3097 voluptatem

185 3111 266 3162 animi
279 3110 390 3159 nimiam
402 3123 537 3157 summum
547 3123 609 3156 esse
620 3120 738 3155 errorem
750 3101 887 3152 arbitror.'

266 3193 306 3254 92
