2332 3698
445 196 595 256 CICERO
618 197 675 254 DE
696 195 867 256 FINIBUS

207 327 310 392 potest
324 327 359 377 ut
379 324 460 377 inter
475 338 526 376 eos
541 323 592 390 qui
607 320 768 390 ambigunt
787 322 949 377 conveniat
967 318 1042 390 quid
1062 323 1103 377 sit

207 439 239 496 id
253 439 293 496 de
308 459 368 510 quo
382 445 504 509 agatur3
519 437 604 495 velut
618 442 650 495 in
665 438 723 496 hoc
737 442 802 511 ipso
816 437 855 496 de
870 457 930 510 quo
944 458 1026 496 nunc
1041 438 1102 497 dis·

206 566 356 630 putamus.
401 556 581 628 Quaerimus
601 562 682 615 enim
702 557 794 617 finem
813 558 976 628 bonorum
997 577 1102 630 possu-

207 692 314 730 musne
329 672 387 729 hoc
398 676 474 730 scire
485 672 574 743 quale
586 676 634 743 sit,
644 676 701 730 nisi
716 671 933 730 contulerimus
944 676 1026 730 inter
1035 691 1101 743 n0S,

207 806 276 843 curn
290 785 382 844 finem
393 787 541 844 bonorum
552 787 728 857 dixerimus,
740 785 814 857 quid
829 785 905 855 finiS,
917 787 990 857 quid
1006 789 1100 845 etiarn

167 908 183 958 5
207 905 246 958 sit
260 905 359 972 ipsum
373 901 505 959 bonum?
528 900 624 971 Atqui
638 900 714 958 haec
728 900 893 971 patefactio
904 904 989 972 quasi
999 919 1102 958 rerum

206 1022 389 1087 opertarum,
405 1034 474 1072 cum
491 1015 564 1085 quid
587 1014 721 1085 quidque
741 1018 781 1071 sit
799 1018 943 1086 aperitur,
964 1013 1102 1074 definitio

185 1102 189 1109 ι
207 1138 269 1198 est3
291 1137 397 1200 quatu
414 1133 507 1187 etiam
521 1129 697 1201 imprudens
717 1129 843 1187 utebare
863 1149 1100 1201 nonnumquam.

206 1244 285 1301 Nam
300 1245 381 1302 hunc
396 1248 494 1316 ipsum
509 1248 571 1302 sive
586 1243 678 1301 finem
693 1247 755 1301 sive
767 1250 938 1302 extremum
953 1248 1015 1302 sive
1030 1245 1102 1304 ulti-

206 1377 289 1415 mum
304 1357 469 1417 definiebas
484 1357 516 1416 id
531 1377 596 1416 esse
612 1376 672 1428 quo
687 1361 788 1415 omnia
802 1377 880 1428 quae
896 1366 980 1417 recte
992 1357 1103 1418 fierent

206 1471 394 1534 referrentur
405 1492 505 1544 neque
517 1472 549 1529 id
561 1476 659 1543 ipsum
671 1491 797 1542 usquam
808 1471 982 1530 referretur.
1007 1473 1096 1531 Prae·

206 1585 286 1643 clare
309 1586 366 1644 hoc
387 1588 519 1658 quidem.
565 1586 682 1643 Bonum
703 1589 801 1656 ipsum
817 1591 909 1644 etiam
927 1587 1001 1657 quid
1020 1596 1103 1646 esset

205 1699 332 1758 fortasse
343 1705 368 1758 si
379 1721 453 1775 opus
464 1701 571 1758 fuisset
579 1699 735 1757 definisses
745 1707 799 1757 aut
810 1700 890 1771 quod
903 1707 984 1758 esset
993 1707 1102 1758 natura

205 1815 423 1888 appetendum,
439 1823 491 1873 aut
511 1815 593 1886 quod
616 1814 784 1886 prodesset,
799 1822 853 1872 aut
872 1814 954 1886 quod
973 1819 1101 1886 iuvaret,

206 1938 259 1987 aut
273 1929 355 2000 quod
373 1929 484 1986 liberet
503 1928 601 1986 modo.
647 1928 737 1985 Nunc
759 1928 850 1997 idem,
866 1932 925 1986 nisi
938 1925 1101 1986 nfitlestum

207 2051 263 2113 est,
279 2047 421 2113 quoniam
436 2043 493 2100 tibi
508 2062 570 2099 non
585 2045 708 2099 omnino
723 2040 865 2113 displicet
879 2041 1006 2100 definire
1021 2050 1054 2100 et
1068 2044 1101 2102 id

206 2156 279 2214 facis
293 2177 362 2215 cum
373 2161 428 2228 vis,
436 2157 527 2214 velim
542 2155 667 2214 definias
682 2155 756 2227 quid
770 2159 810 2213 sit
824 2155 972 2227 voluptas,
986 2156 1026 2220 de
1040 2177 1101 2228 quo

166 2268 184 2328 6
207 2275 304 2328 omnis
325 2271 402 2329 haec
424 2275 560 2341 quaestio
583 2270 659 2328 est.’'
704 2256 817 2340 “Quis,
833 2270 975 2341 quaes0,'’
990 2274 1100 2342 inquit.

208 2370 280 2442 “est
295 2389 347 2455 qui
367 2384 440 2455 quid
460 2389 500 2442 sit
514 2383 652 2456 voluptas
667 2388 783 2442 nesciat
797 2392 851 2441 aut
865 2388 917 2455 qui
931 2404 991 2455 quo
1005 2391 1101 2457 magis

206 2499 237 2556 id
253 2498 414 2569 intellegat
429 2497 639 2557 definitionem
653 2498 784 2568 aliquam
799 2498 996 2557 desideret?'’
1020 2485 1100 2561 “Me

207 2617 305 2684 ipsum
332 2633 397 2670 esse
423 2612 586 2683 dicerem,’'
611 2616 745 2683 inquam,
771 2596 854 2669 “nisi
883 2612 958 2669 mihi
981 2614 1101 2673 viderer

206 2725 318 2785 habere
333 2727 412 2784 bene
426 2731 580 2796 cognitam
594 2726 781 2797 voluptatem
797 2733 829 2784 et
844 2730 915 2784 satis
930 2726 1014 2786 firme
1029 2748 1100 2786 con-

206 2848 327 2912 ceptam
341 2845 441 2898 animo
455 2848 547 2911 atque
563 2858 778 2911 comprensam.
810 2840 837 2896 N
840 2860 899 2898 unc
914 2848 1017 2898 autem
1032 2843 1101 2902 dico

205 2957 303 3024 ipsum
318 2954 482 3026 Epicurum
496 2958 613 3012 nescire
628 2961 661 3012 et
674 2957 706 3010 in
721 2973 758 3012 eo
771 2962 890 3026 nutare,
902 2975 1032 3026 eumque
1048 2964 1100 3030 qui

206 3069 312 3126 crebro
335 3069 416 3126 dicat
440 3069 605 3139 diligenter
631 3075 771 3139 oportere
797 3073 924 3139 exprimi
949 3090 1026 3140 quae
1055 3080 1099 3134 vis

291 3159 328 3208 82
748 3181 750 3184 ·
