2332 3698
406 220 557 279 CICERO
581 219 638 278 DE
662 219 830 278 FINIBUS

168 347 200 399 in
224 341 360 400 medium
383 341 506 413 Epicuri
529 345 616 412 ratio,
639 361 716 412 quae
736 340 888 413 plerisque
907 344 1065 398 notissima

169 451 231 511 est;
253 462 344 513 quam
367 463 385 499 a
407 444 493 500 nobis
517 447 559 499 sic
582 442 745 512 intelleges
768 446 945 513 expositam,
965 449 1002 500 ut
1024 443 1063 500 ab

168 549 240 616 ipsis
255 549 307 615 qui
322 565 389 602 eam
404 544 593 616 disciplinam
609 545 739 615 probant
753 565 815 602 non
830 544 926 602 soleat
940 563 1062 602 accura-

167 650 227 703 tius
243 645 394 716 explicari.
438 646 552 703 Verum
574 650 657 703 enim
678 650 814 704 invenire
836 645 984 717 volumuS,
999 665 1061 703 non

167 755 322 818 tamquam
335 747 539 805 adversarium
553 747 686 818 aliquem
701 752 888 804 convincere.

208 849 359 906 Accurate
373 858 477 907 autem
492 848 645 919 quondam
665 869 683 905 a
702 848 736 906 L.
753 848 916 919 Torquato,
935 849 1060 906 homine

166 955 249 1008 omni
264 951 401 1008 doctrina
416 951 547 1022 erudito,
561 950 688 1008 defensa
703 958 750 1008 est
769 950 892 1022 Epicuri
907 956 1061 1008 sententia

167 1052 206 1110 de
218 1052 384 1123 voluptate,
395 1073 413 1108 a
427 1071 537 1123 meque
550 1056 579 1110 ei
593 1071 779 1124 responsum,
789 1071 858 1109 cum
873 1052 904 1109 C.
918 1052 1059 1124 Triarius,

166 1159 199 1211 in
213 1158 317 1226 primis
333 1158 432 1226 gravis
447 1162 479 1212 et
493 1154 601 1212 doctus
616 1153 803 1224 adulescens
819 1158 848 1212 ei
862 1155 1060 1225 disputationi

107 1263 144 1313 14
167 1261 337 1314 interesset.
383 1257 462 1312 Nam
477 1276 546 1314 cum
561 1255 660 1314 adme
676 1260 707 1312 in
723 1256 892 1313 Cumanum
907 1255 1059 1314 salutandi
1093 1234 1096 1242 Ι

166 1378 255 1416 causa
277 1367 406 1428 uterque
432 1362 574 1428 venisset,
599 1377 695 1428 pauca
719 1361 816 1428 primo
839 1361 920 1414 inter
941 1377 997 1415 nos
1019 1357 1059 1417 de

165 1460 287 1530 litteriS,
307 1479 433 1530 quarum
454 1479 605 1517 summum
624 1468 689 1517 erat
709 1463 741 1516 in
758 1467 887 1529 utroque
908 1459 1058 1529 studium3

165 1561 278 1619 deinde
314 1560 493 1632 Torquatus,
526 1547 702 1632 “Quoniam
739 1565 821 1618 nacti
856 1561 918 1633 te‚”
948 1566 1057 1633 inquit,

167 1649 186 1676 “
192 1682 294 1721 sumus
303 1662 465 1734 aliquando
472 1668 702 1733 otiosum,certe
711 1663 831 1721 audiam
844 1663 916 1734 quid
926 1668 966 1722 sit
976 1664 1057 1734 quod

167 1765 331 1836 Epicurum
355 1774 492 1823 nostrum
516 1786 577 1823 non
600 1773 634 1824 tu
659 1765 783 1836 quidem
805 1765 914 1835 oderiS,
935 1773 971 1824 ut
992 1766 1057 1824 fere

169 1867 284 1924 faciunt
299 1871 351 1938 qui
365 1868 403 1924 ab
418 1887 455 1925 eo
469 1868 666 1938 dissentiunt,
682 1867 737 1925 sed
756 1875 840 1924 certe
856 1887 917 1924 non
938 1869 1057 1939 probes,

166 1988 236 2026 eum
257 1988 349 2038 quem
370 1988 428 2038 ego
447 1970 576 2026 arbitror
595 1988 689 2025 unum
709 1967 819 2025 vidisse
838 1988 944 2026 verum
963 1975 1056 2028 maxi-

61 2135 63 2138 ,
164 2074 281 2140 misque
310 2070 459 2127 erroribus
487 2073 605 2126 animos¹
631 2069 788 2126 hominum
822 2069 995 2129 liberavisse
1024 2079 1057 2130 et

164 2175 265 2229 omnia
280 2171 440 2230 tradidisse
455 2191 532 2242 quae
548 2174 740 2242 pertinerent
754 2171 793 2228 ad
810 2172 890 2229 bene
904 2173 1055 2244 beateque

164 2272 352 2358 vivendum,
365 2272 419 2330 sed
435 2277 575 2330 existimo
590 2279 632 2342 te,
648 2277 727 2330 sicut
745 2282 883 2330 nostrum
896 2274 1054 2345 Triarium,

163 2379 264 2431 minus
278 2375 316 2430 ab
332 2393 368 2431 eo
383 2372 531 2430 delectari
545 2372 627 2444 quod
647 2377 705 2430 ista
727 2362 871 2444 Platonis,
887 2374 1055 2447 Aristoteli,

163 2475 365 2546 Theophrasti
388 2479 530 2532 orationis
552 2484 730 2533 ornamenta
752 2475 931 2547 neglexerit.
976 2477 1055 2535 Nam

164 2577 239 2635 illud
254 2576 378 2647 quidem
393 2576 503 2634 adduci
517 2581 567 2632 vix
581 2596 714 2648 possum,
728 2586 764 2636 ut
779 2597 815 2635 ea
829 2597 905 2648 quae
926 2585 1055 2637 senserit

104 2685 139 2735 15
163 2678 215 2736 ille
230 2679 286 2735 tibi
301 2698 363 2735 non
377 2697 448 2735 vera
463 2678 652 2736 videantur.'’
697 2664 750 2736 “V
750 2679 799 2736 ide
815 2681 992 2751 quantum,'’
1009 2686 1054 2738 in-

163 2799 263 2850 quam,
281 2764 422 2849 “fallare
440 2779 601 2850 Torquate.
646 2780 753 2838 Oratio
772 2801 821 2839 me
846 2785 932 2839 istius
955 2782 1052 2854 philo-

162 2879 249 2951 sophi
263 2900 324 2937 non
337 2879 478 2949 offendit;
500 2901 570 2938 nam
585 2889 618 2939 et
633 2881 845 2954 complectitur
859 2883 957 2940 verbis
972 2884 1053 2953 quod

163 2982 229 3040 vult
249 2990 281 3040 et
300 2982 375 3040 dicit
392 2981 482 3053 plane
500 2983 581 3055 quod
603 2984 799 3056 intellegam
821 2992 853 3042 et
872 2992 977 3041 tamen
997 3005 1055 3058 ego

163 3103 181 3140 a
195 3082 384 3155 philosopho,
400 3088 424 3141 si
439 3085 544 3144 afferat
558 3085 774 3158 eloquentiam,
789 3106 851 3144 non
864 3105 1017 3160 asperner,
1029 3093 1054 3145 si

248 3165 286 3227 16
