2332 3698
438 224 588 284 CICERO
611 224 669 282 DE
691 223 859 283 FINIBUS

202 368 431 420 pennarumque
451 355 598 405 contextu
616 351 732 418 corpori
752 353 933 417 tegumenta
952 344 1096 403 faciebat.

143 450 181 501 33
204 444 253 503 De
267 443 426 501 hominum
445 462 560 512 genere
581 449 634 500 aut
654 447 777 500 omnino
797 442 836 500 de
856 441 1034 499 animalium
1054 440 1098 496 lo-

203 560 288 620 quor,
304 560 373 596 cum
387 540 528 596 arborum
543 547 576 596 et
591 543 731 610 stirpium
746 539 855 596 eadem
872 557 970 609 paene
988 545 1100 594 natura

203 636 264 693 sit?
301 635 370 694 Sive
385 639 477 706 enim,
492 643 528 693 ut
542 635 723 693 doctissimis
737 639 807 693 viris
821 641 918 694 visum
931 643 988 705 est,
1002 638 1099 691 maior

203 731 304 802 aliqua
318 751 407 788 causa
426 739 518 801 atque
539 731 669 788 divinior
688 730 767 788 hanc
787 736 848 788 vim
867 735 1019 802 ingenuit,
1036 734 1098 787 sive

203 827 261 884 hoc
284 831 327 883 ita
351 827 385 884 fit
407 827 544 896 fortuito,
567 826 704 883 videmus
728 846 763 884 ea
789 846 866 897 quae
890 835 973 884 terra
996 830 1099 897 gignit

205 924 367 980 corticibus
382 931 415 980 et
429 921 579 980 radicibus
595 914 693 996 valida
713 928 833 993 servari,
849 922 930 994 quod
945 925 1100 992 contingit

204 1019 384 1075 animalibus
407 1037 550 1076 sensuum
572 1008 842 1076 distributione'et
863 1017 993 1089 quadam
1017 1036 1099 1074 corn-

204 1118 345 1186 pactione
356 1114 569 1170 membrorum.
606 1112 675 1185 Qua
686 1112 809 1183 quidem
820 1113 859 1171 de
871 1133 904 1171 re
916 1132 1099 1184 quamquam

203 1214 351 1268 assentior
360 1214 395 1268 iis
405 1214 456 1280 qui
465 1208 541 1267 haec
551 1213 651 1266 omnia
660 1213 726 1279 regi
735 1218 844 1267 natura
855 1218 975 1282 putant,
985 1229 1064 1280 quae
1074 1214 1099 1266 si

204 1313 312 1363 natura
327 1305 482 1375 neglegat,
492 1309 557 1376 ipsa
568 1325 634 1362 esse
645 1325 707 1361 non
718 1293 834 1376 possit,¹
848 1313 952 1362 tamen
963 1306 1100 1363 concedo

204 1410 240 1459 ut
249 1406 301 1472 qui
310 1402 349 1459 de
358 1401 416 1458 hoc
425 1401 611 1458 dissentiunt
622 1406 798 1459 existiment
809 1402 890 1472 quod
902 1402 999 1460 velint
1008 1422 1044 1460 ac
1051 1402 1100 1459 vel

204 1496 262 1554 hoc
271 1496 464 1566 intellegant,
471 1501 496 1553 si
505 1497 627 1567 quando
635 1506 774 1554 naturam
784 1497 914 1556 hominis
923 1499 1033 1569 dicam,
1044 1499 1099 1555 ho-

204 1597 319 1650 minem
329 1591 430 1649 dicere
442 1612 507 1662 me3
522 1592 598 1649 nihil
610 1597 692 1650 enim
703 1593 762 1650 hoc
772 1594 880 1652 differt.
925 1595 1004 1651 Nam
1015 1599 1099 1666 prius

140 1748 145 1757 ,
204 1709 222 1745 a
234 1708 266 1745 se
275 1692 389 1759 poterit
400 1692 527 1758 quisque
539 1688 696 1746 discedere
708 1709 799 1760 quam
810 1695 981 1761 appetitum
993 1689 1098 1748 ea‘rum

204 1804 305 1842 rerum
328 1804 406 1855 quae
430 1785 486 1841 sibi
509 1785 683 1842 conducant
705 1791 855 1844 amittere.
911 1786 980 1843 Iure
1004 1791 1099 1857 igitur

205 1884 372 1950 gravissimi
392 1880 564 1952 philosophi
587 1885 709 1939 initium
732 1886 841 1939 summi
860 1882 932 1939 boni
952 1903 970 1938 a
990 1890 1100 1940 natura

144 2000 147 2009 ·
205 1981 381 2048 petiverunt
405 1984 437 2034 et
460 1976 545 2033 illum
568 1982 740 2048 appetitum
762 1997 864 2035 rerum
889 1978 928 2035 ad
957 1985 1100 2036 naturam

205 2073 499 2130 accommodatarum
516 2077 729 2142 ingeneratum
749 2082 934 2144 putaverunt
948 2075 1100 2146 omnibus,

206 2172 276 2239 quia
291 2157 484 2226 continetur²
498 2188 534 2225 ea
554 2169 818 2227 commendatione
838 2177 965 2228 naturae
985 2190 1045 2241 qua
1065 2191 1099 2229 se

206 2267 263 2334 ipsi
277 2263 418 2334 diligunt.

146 2365 184 2415 34
248 2357 319 2414 Xll.
344 2345 523 2430 “Deinceps
557 2360 723 2419 videndum
759 2369 815 2432 est,
851 2366 993 2432 quoniam
1026 2368 1101 2421 satis

207 2462 348 2525 apertum
362 2462 410 2512 est
425 2456 482 2512 sibi
501 2474 654 2526 quemque
674 2464 782 2514 natura
801 2477 867 2515 esse
886 2477 999 2527 carum,
1019 2478 1099 2529 quae

206 2555 246 2608 sit
261 2550 391 2608 hominis
406 2559 522 2608 natura
568 2550 606 2609 ld
621 2559 668 2610 est
683 2556 766 2611 enim
780 2553 820 2610 de
835 2573 895 2623 quo
911 2556 1097 2623 quaerimus.

206 2646 303 2716 Atqui
317 2651 510 2718 perspicuum
525 2654 573 2705 cst
587 2647 742 2705 hominem
757 2668 775 2705 e
795 2668 919 2720 corpore
934 2653 1099 2721 animoque

207 2749 355 2812 constare,
380 2762 448 2798 cum
472 2747 586 2814 primae
609 2747 671 2802 sint
693 2747 786 2800 animi
810 2752 922 2815 partes,
943 2745 1098 2805 secundae

242 2912 248 2940 ¹
242 2913 383 3006 possitB
398 2913 429 2969 E,
445 2912 538 2961 Mdv.
531 2913 658 2977 possint
668 2913 713 2964 mf
730 2915 807 2964 MSS.

242 2975 327 3041 ‘²quia
345 2980 497 3027 continetur
512 2982 665 3056 suggested
685 2982 720 3045 by
740 2981 826 3041 Mdv„
847 2983 907 3031 who
924 2983 1012 3046 prinis
1031 2987 1101 3048 quia

208 3045 399 3104 continentum·
415 3044 466 3107 qui
481 3045 653 3094 continentur
669 3046 764 3104 Mssa
782 3049 833 3111 qui
847 3049 1000 3098 continetur
1015 3049 1100 3101 Schii·

208 3125 297 3158 marm.

289 3193 348 3244 428
