2332 3698
377 204 527 267 CICERO
550 205 608 265 DE
630 205 799 266 FINIBUS

141 321 213 382 dem
245 328 408 387 cedentem
436 333 468 385 in
496 329 696 400 philosophia,
724 329 853 387 audeam
884 326 1033 386 scribere?

142 437 334 512 Quamquam
362 462 380 498 a
407 450 440 500 te
465 447 531 514 ipso
554 443 586 501 id
611 443 735 515 quidem
758 443 836 500 facio
857 449 1035 515 provocatus

141 557 312 623 gratissimo
331 555 406 613 mihi
419 556 497 614 libro
511 577 602 628 quem
616 558 655 615 ad
669 578 718 615 me
733 557 772 616 de
787 562 900 615 virtute
918 559 1034 613 misisti.

143 665 205 724 Sed
220 688 257 726 ex
273 688 309 726 eo
323 668 414 728 credo
428 671 607 741 quibusdam
618 692 674 730 usu
685 676 789 730 venire
804 679 839 730 ut
853 671 1036 728 abhorreant

143 800 161 836 a
191 780 316 854 Latinis,
341 784 423 854 quod
447 785 611 844 inciderint
635 790 666 842 in
691 786 807 843 inculta
831 784 979 856 quaedam
1004 790 1038 840 et

143 893 274 967 horrida,
300 897 340 955 de
364 898 451 957 malis
477 900 600 958 Graecis
625 900 735 957 Latine
759 903 871 971 scripta
892 899 1035 956 deterius.

144 1005 263 1078 Quibus
278 1030 336 1082 ego
350 1016 507 1084 assentior,
522 1012 596 1070 dum
610 1013 701 1070 modo
715 1012 755 1071 de
770 1012 878 1070 iisdem
892 1012 982 1069 rebus
997 1029 1037 1067 ne

145 1122 277 1182 Graecos
296 1125 420 1197 quidem
439 1126 587 1198 legendos
607 1133 726 1199 putent.
773 1127 832 1184 Res
851 1145 922 1183 vero
943 1125 1037 1182 bonas

144 1238 244 1296 verbis
272 1238 379 1298 electis
406 1245 540 1311 graviter
569 1248 736 1311 ornateque
761 1239 858 1296 dictas
883 1243 949 1309 quis
975 1258 1036 1296 non

144 1348 249 1422 legat?
279 1354 345 1411 Nisi
368 1359 419 1425 qui
444 1375 475 1413 se
499 1355 590 1427 plane
611 1355 762 1419 Graecum
783 1353 843 1411 dici
864 1352 949 1423 velit,
963 1359 999 1409 ut
1020 1372 1038 1409 a

105 1467 124 1528 9
145 1463 289 1524 Scaevola
314 1475 362 1526 est
386 1478 526 1540 praetore
552 1468 699 1527 salutatus
720 1467 853 1525 Athenis
882 1465 1036 1524 Albucius.

146 1578 247 1650 Quem
266 1582 390 1652 quidem
409 1584 509 1641 locum
529 1603 598 1641 cum
617 1582 714 1640 multa
728 1588 888 1644 venustate
906 1587 939 1638 et
956 1585 1039 1637 omni

145 1693 207 1753 sale
222 1695 305 1754 idem
320 1697 463 1769 LuciliuS,
478 1696 559 1768 apud
574 1716 666 1767 quem
680 1695 833 1768 praeclare
849 1694 1007 1754 Scaevola:

184 1839 360 1913 “Graecum
374 1864 418 1927 te,
433 1856 554 1925 Albuci,
569 1875 660 1926 quam
676 1855 844 1911 Romanum
858 1860 951 1923 atque

290 1965 446 2036 Sabinum,

208 2073 396 2145 Municipem
413 2073 512 2143 Ponti,
527 2071 676 2140 Tritanni,
692 2075 914 2140 centurionum,

210 2180 435 2240 Praeclarorum
467 2180 624 2238 hominum
656 2200 691 2237 ac
722 2184 887 2251 primorum
915 2177 1040 2249 signife-

289 2310 427 2361 rumque,

209 2398 345 2457 Maluisti
360 2399 435 2467 dici;
459 2399 576 2457 Graece
591 2418 663 2469 ergo
678 2405 799 2469 praetor
813 2396 956 2466 Athenis,

210 2506 246 2564 Id
260 2507 342 2577 quod
356 2507 499 2578 maluisti,
514 2515 557 2577 te,
572 2526 642 2563 cum
656 2506 695 2563 ad
709 2525 759 2563 me
774 2505 902 2575 accedis,
917 2503 1031 2561 saluto:

209 2600 332 2686 ‘Xnipa’
357 2619 491 2687 inquam,
516 2601 631 2673 ‘Titel’
657 2614 803 2684 Lictores,
823 2621 923 2671 tunna
943 2617 1041 2670 omnis

291 2714 490 2795 cohorsque¹:

211 2816 325 2902 ίΧοιΐρε,
352 2831 452 2890 Titel’
477 2834 560 2890 Hinc
588 2832 684 2890 hostis
713 2835 754 2889 mi
784 2831 940 2899 Albucius,
968 2828 1041 2886 hinc

293 2941 461 2998 inimicus.”

283 3097 436 3163 'cohorsque
449 3100 597 3160 Manutius,
613 3100 701 3161 Mdu.;
719 3098 872 3161 eliamque,
887 3095 967 3145 MSS.

224 3181 261 3231 10
