<?xml version="1.0" encoding="UTF-8"?>
<!DOCTYPE html PUBLIC "-//W3C//DTD XHTML 1.0 Transitional//EN"
    "http://www.w3.org/TR/xhtml1/DTD/xhtml1-transitional.dtd">
<html xmlns="http://www.w3.org/1999/xhtml" xml:lang="en" lang="en">
 <head>
  <title>
</title>
<meta http-equiv="Content-Type" content="text/html;charset=utf-8" />
  <meta name='ocr-system' content='tesseract 3.04.00' />
  <meta name='ocr-capabilities' content='ocr_page ocr_carea ocr_par ocr_line ocrx_word'/>
</head>
<body>
  <div class='ocr_page' id='page_1' title='image "./definibusbonoru03cicegoog_0501.png"; bbox 0 0 2332 3698; ppageno 0'>
   <div class='ocr_carea' id='block_1_1' title="bbox 459 181 983 274">
    <p class='ocr_par' dir='ltr' id='par_1_1' title="bbox 459 181 983 274">
     <span class='ocr_line' id='line_1_1' title="bbox 459 181 983 274; baseline -0.002 0"><span class='ocrx_word' id='word_1_1' title='bbox 459 214 609 274; x_wconf 79' lang='lat' dir='ltr'><strong>cmnno</strong></span> <span class='ocrx_word' id='word_1_2' title='bbox 631 215 689 272; x_wconf 82' lang='lat' dir='ltr'><strong>nn</strong></span> <span class='ocrx_word' id='word_1_3' title='bbox 711 214 880 274; x_wconf 80' lang='lat' dir='ltr'><strong>rimans</strong></span> <span class='ocrx_word' id='word_1_4' title='bbox 976 181 983 190; x_wconf 84' lang='grc'><strong><em>’</em></strong></span> 
     </span>
    </p>
   </div>
   <div class='ocr_carea' id='block_1_2' title="bbox 223 335 1113 408">
    <p class='ocr_par' dir='ltr' id='par_1_2' title="bbox 223 335 1113 408">
     <span class='ocr_line' id='line_1_2' title="bbox 223 335 1113 408; baseline -0.006 -12"><span class='ocrx_word' id='word_1_5' title='bbox 223 339 340 396; x_wconf 91' lang='lat' dir='ltr'><strong>homini</strong></span> <span class='ocrx_word' id='word_1_6' title='bbox 354 341 406 408; x_wconf 91' lang='lat' dir='ltr'><strong>qui</strong></span> <span class='ocrx_word' id='word_1_7' title='bbox 421 357 483 394; x_wconf 91' lang='lat' dir='ltr'><strong>non</strong></span> <span class='ocrx_word' id='word_1_8' title='bbox 502 344 660 394; x_wconf 87' lang='lat' dir='ltr'><strong>moveatur</strong></span> <span class='ocrx_word' id='word_1_9' title='bbox 679 344 712 393; x_wconf 91' lang='lat' dir='ltr'><strong>et</strong></span> <span class='ocrx_word' id='word_1_10' title='bbox 731 336 897 394; x_wconf 91' lang='lat' dir='ltr'><strong>offensione</strong></span> <span class='ocrx_word' id='word_1_11' title='bbox 917 335 1113 408; x_wconf 82' lang='lat' dir='ltr'><strong>turpitudinis</strong></span> 
     </span>
    </p>
   </div>
   <div class='ocr_carea' id='block_1_3' title="bbox 163 419 1117 1660">
    <p class='ocr_par' dir='ltr' id='par_1_3' title="bbox 215 419 1116 1328">
     <span class='ocr_line' id='line_1_3' title="bbox 224 419 1113 493; baseline -0.004 -13"><span class='ocrx_word' id='word_1_12' title='bbox 224 431 257 481; x_wconf 89' lang='lat' dir='ltr'><strong>et</strong></span> <span class='ocrx_word' id='word_1_13' title='bbox 271 423 517 493; x_wconf 84' lang='lat' dir='ltr'><strong>comprobatione</strong></span> <span class='ocrx_word' id='word_1_14' title='bbox 530 421 700 478; x_wconf 81' lang='lat' dir='ltr'><strong>honestatis</strong></span> <span class='ocrx_word' id='word_1_15' title='bbox 711 421 722 476; x_wconf 91' lang='lat'><strong>?</strong></span> <span class='ocrx_word' id='word_1_16' title='bbox 743 423 810 491; x_wconf 93' lang='lat' dir='ltr'><strong>quis</strong></span> <span class='ocrx_word' id='word_1_17' title='bbox 821 427 869 477; x_wconf 89' lang='lat' dir='ltr'><strong>est</strong></span> <span class='ocrx_word' id='word_1_18' title='bbox 880 423 1010 490; x_wconf 92' lang='lat' dir='ltr'><strong>quinon</strong></span> <span class='ocrx_word' id='word_1_19' title='bbox 1021 419 1113 477; x_wconf 90' lang='lat' dir='ltr'><strong>oderit</strong></span> 
     </span>
     <span class='ocr_line' id='line_1_4' title="bbox 223 504 1112 575; baseline -0.004 -12"><span class='ocrx_word' id='word_1_20' title='bbox 223 506 425 575; x_wconf 84' lang='lat' dir='ltr'><strong>libidinosam,</strong></span> <span class='ocrx_word' id='word_1_21' title='bbox 436 512 608 575; x_wconf 85' lang='lat' dir='ltr'><strong>protervam</strong></span> <span class='ocrx_word' id='word_1_22' title='bbox 619 504 876 561; x_wconf 85' lang='lat' dir='ltr'><strong>adulescentiam?</strong></span> <span class='ocrx_word' id='word_1_23' title='bbox 888 507 958 574; x_wconf 91' lang='lat' dir='ltr'><strong>quis</strong></span> <span class='ocrx_word' id='word_1_24' title='bbox 970 510 1078 560; x_wconf 87' lang='lat' dir='ltr'><strong>contra</strong></span> <span class='ocrx_word' id='word_1_25' title='bbox 1086 505 1112 558; x_wconf 92' lang='lat' dir='ltr'><strong>in</strong></span> 
     </span>
     <span class='ocr_line' id='line_1_5' title="bbox 223 584 1113 659; baseline -0.007 -12"><span class='ocrx_word' id='word_1_26' title='bbox 223 590 276 647; x_wconf 92' lang='lat' dir='ltr'><strong>illa</strong></span> <span class='ocrx_word' id='word_1_27' title='bbox 296 596 398 646; x_wconf 85' lang='lat' dir='ltr'><strong>aetate</strong></span> <span class='ocrx_word' id='word_1_28' title='bbox 418 588 576 659; x_wconf 87' lang='lat' dir='ltr'><strong>pudorem,</strong></span> <span class='ocrx_word' id='word_1_29' title='bbox 596 592 807 657; x_wconf 86' lang='lat' dir='ltr'><strong>constantiam,</strong></span> <span class='ocrx_word' id='word_1_30' title='bbox 822 591 943 644; x_wconf 85' lang='lat' dir='ltr'><strong>etiamsi</strong></span> <span class='ocrx_word' id='word_1_31' title='bbox 966 607 1023 644; x_wconf 85' lang='lat' dir='ltr'><strong>sua</strong></span> <span class='ocrx_word' id='word_1_32' title='bbox 1043 584 1113 643; x_wconf 91' lang='lat' dir='ltr'><strong>nihil</strong></span> 
     </span>
     <span class='ocr_line' id='line_1_6' title="bbox 223 670 1114 742; baseline -0.002 -13"><span class='ocrx_word' id='word_1_33' title='bbox 223 677 354 742; x_wconf 90' lang='lat' dir='ltr'><strong>intersit,</strong></span> <span class='ocrx_word' id='word_1_34' title='bbox 365 692 427 728; x_wconf 92' lang='lat' dir='ltr'><strong>non</strong></span> <span class='ocrx_word' id='word_1_35' title='bbox 438 680 542 729; x_wconf 85' lang='lat' dir='ltr'><strong>tamen</strong></span> <span class='ocrx_word' id='word_1_36' title='bbox 553 671 683 742; x_wconf 84' lang='lat' dir='ltr'><strong>diligat?</strong></span> <span class='ocrx_word' id='word_1_37' title='bbox 697 674 764 741; x_wconf 93' lang='lat' dir='ltr'><strong>quis</strong></span> <span class='ocrx_word' id='word_1_38' title='bbox 777 670 897 727; x_wconf 92' lang='lat' dir='ltr'><strong>Pullum</strong></span> <span class='ocrx_word' id='word_1_39' title='bbox 909 670 1114 728; x_wconf 89' lang='lat' dir='ltr'><strong>Numitorium</strong></span> 
     </span>
     <span class='ocr_line' id='line_1_7' title="bbox 225 754 1113 827; baseline -0.003 -14"><span class='ocrx_word' id='word_1_40' title='bbox 225 757 438 826; x_wconf 87' lang='lat' dir='ltr'><strong>Fregellanum</strong></span> <span class='ocrx_word' id='word_1_41' title='bbox 453 755 648 827; x_wconf 90' lang='lat' dir='ltr'><strong>proditorem,</strong></span> <span class='ocrx_word' id='word_1_42' title='bbox 660 774 842 825; x_wconf 86' lang='lat' dir='ltr'><strong>quamquam</strong></span> <span class='ocrx_word' id='word_1_43' title='bbox 853 758 898 812; x_wconf 93' lang='lat' dir='ltr'><strong>rei</strong></span> <span class='ocrx_word' id='word_1_44' title='bbox 908 754 1053 825; x_wconf 87' lang='lat' dir='ltr'><strong>publicae</strong></span> <span class='ocrx_word' id='word_1_45' title='bbox 1065 773 1113 811; x_wconf 93' lang='lat' dir='ltr'><strong>no·</strong></span> 
     </span>
     <span class='ocr_line' id='line_1_8' title="bbox 225 825 1114 910; baseline -0.004 -13"><span class='ocrx_word' id='word_1_46' title='bbox 225 848 304 897; x_wconf 87' lang='lat' dir='ltr'><strong>strae</strong></span> <span class='ocrx_word' id='word_1_47' title='bbox 320 839 443 910; x_wconf 84' lang='lat' dir='ltr'><strong>profuit,</strong></span> <span class='ocrx_word' id='word_1_48' title='bbox 458 858 519 895; x_wconf 92' lang='lat' dir='ltr'><strong>non</strong></span> <span class='ocrx_word' id='word_1_49' title='bbox 539 838 623 896; x_wconf 91' lang='lat' dir='ltr'><strong>odit?</strong></span> <span class='ocrx_word' id='word_1_50' title='bbox 645 843 712 908; x_wconf 91' lang='lat' dir='ltr'><strong>quis</strong></span> <span class='ocrx_word' id='word_1_51' title='bbox 731 825 839 895; x_wconf 88' lang='lat' dir='ltr'><strong>huius1</strong></span> <span class='ocrx_word' id='word_1_52' title='bbox 854 839 937 895; x_wconf 90' lang='lat' dir='ltr'><strong>urbis</strong></span> <span class='ocrx_word' id='word_1_53' title='bbox 957 857 1114 896; x_wconf 88' lang='lat' dir='ltr'><strong>conserva-</strong></span> 
     </span>
     <span class='ocr_line' id='line_1_9' title="bbox 224 921 1114 992; baseline -0.003 -12"><span class='ocrx_word' id='word_1_54' title='bbox 224 932 323 981; x_wconf 90' lang='lat' dir='ltr'><strong>torem</strong></span> <span class='ocrx_word' id='word_1_55' title='bbox 349 924 491 992; x_wconf 89' lang='lat' dir='ltr'><strong>Codrnm,</strong></span> <span class='ocrx_word' id='word_1_56' title='bbox 514 926 581 992; x_wconf 91' lang='lat' dir='ltr'><strong>quis</strong></span> <span class='ocrx_word' id='word_1_57' title='bbox 604 921 772 979; x_wconf 87' lang='lat' dir='ltr'><strong>Erechthei</strong></span> <span class='ocrx_word' id='word_1_58' title='bbox 800 921 875 978; x_wconf 83' lang='lat' dir='ltr'><strong>filias</strong></span> <span class='ocrx_word' id='word_1_59' title='bbox 897 941 962 979; x_wconf 91' lang='lat' dir='ltr'><strong>non</strong></span> <span class='ocrx_word' id='word_1_60' title='bbox 984 925 1114 978; x_wconf 86' lang='lat' dir='ltr'><strong>maxime</strong></span> 
     </span>
     <span class='ocr_line' id='line_1_10' title="bbox 224 1004 1116 1075; baseline -0.001 -12"><span class='ocrx_word' id='word_1_61' title='bbox 224 1007 351 1064; x_wconf 87' lang='lat' dir='ltr'><strong>laudat?</strong></span> <span class='ocrx_word' id='word_1_62' title='bbox 373 1011 421 1063; x_wconf 91' lang='lat' dir='ltr'><strong>cui</strong></span> <span class='ocrx_word' id='word_1_63' title='bbox 435 1005 547 1063; x_wconf 89' lang='lat' dir='ltr'><strong>Tubuli</strong></span> <span class='ocrx_word' id='word_1_64' title='bbox 558 1025 671 1062; x_wconf 91' lang='lat' dir='ltr'><strong>nomen</strong></span> <span class='ocrx_word' id='word_1_65' title='bbox 682 1004 751 1062; x_wconf 92' lang='lat' dir='ltr'><strong>odio</strong></span> <span class='ocrx_word' id='word_1_66' title='bbox 762 1025 824 1061; x_wconf 93' lang='lat' dir='ltr'><strong>non</strong></span> <span class='ocrx_word' id='word_1_67' title='bbox 836 1007 905 1062; x_wconf 88' lang='lat' dir='ltr'><strong>cst?</strong></span> <span class='ocrx_word' id='word_1_68' title='bbox 926 1008 995 1075; x_wconf 89' lang='lat' dir='ltr'><strong>quis</strong></span> <span class='ocrx_word' id='word_1_69' title='bbox 1006 1005 1116 1062; x_wconf 83' lang='lat' dir='ltr'><strong>Aristi-</strong></span> 
     </span>
     <span class='ocr_line' id='line_1_11' title="bbox 215 1088 1116 1160; baseline -0.001 -13"><span class='ocrx_word' id='word_1_70' title='bbox 215 1090 296 1147; x_wconf 89' lang='lat' dir='ltr'><strong>dem</strong></span> <span class='ocrx_word' id='word_1_71' title='bbox 310 1110 371 1146; x_wconf 91' lang='lat' dir='ltr'><strong>non</strong></span> <span class='ocrx_word' id='word_1_72' title='bbox 386 1097 539 1146; x_wconf 90' lang='lat' dir='ltr'><strong>mortuum</strong></span> <span class='ocrx_word' id='word_1_73' title='bbox 553 1089 675 1158; x_wconf 82' lang='lat' dir='ltr'><strong>diligit?</strong></span> <span class='ocrx_word' id='word_1_74' title='bbox 718 1088 769 1145; x_wconf 88' lang='lat' dir='ltr'><strong>An</strong></span> <span class='ocrx_word' id='word_1_75' title='bbox 783 1088 988 1151; x_wconf 86' lang='lat' dir='ltr'><strong>obliviscimur</strong></span> <span class='ocrx_word' id='word_1_76' title='bbox 1002 1096 1116 1160; x_wconf 82' lang='lat' dir='ltr'><strong>quanto</strong></span> 
     </span>
     <span class='ocr_line' id='line_1_12' title="bbox 224 1161 1116 1244; baseline -0.003 -13"><span class='ocrx_word' id='word_1_77' title='bbox 224 1193 316 1244; x_wconf 90' lang='lat' dir='ltr'><strong>opere</strong></span> <span class='ocrx_word' id='word_1_78' title='bbox 337 1178 370 1229; x_wconf 93' lang='lat' dir='ltr'><strong>in</strong></span> <span class='ocrx_word' id='word_1_79' title='bbox 390 1173 542 1231; x_wconf 91' lang='lat' dir='ltr'><strong>audiendo</strong></span> <span class='ocrx_word' id='word_1_80' title='bbox 564 1161 614 1228; x_wconf 82' lang='lat' dir='ltr'><strong>in²</strong></span> <span class='ocrx_word' id='word_1_81' title='bbox 634 1173 828 1242; x_wconf 73' lang='lat' dir='ltr'><strong>legendoque</strong></span> <span class='ocrx_word' id='word_1_82' title='bbox 850 1192 1027 1230; x_wconf 87' lang='lat' dir='ltr'><strong>moveamur</strong></span> <span class='ocrx_word' id='word_1_83' title='bbox 1048 1192 1116 1230; x_wconf 89' lang='lat' dir='ltr'><strong>eum</strong></span> 
     </span>
     <span class='ocr_line' id='line_1_13' title="bbox 224 1253 1116 1328; baseline -0.002 -14"><span class='ocrx_word' id='word_1_84' title='bbox 224 1261 284 1328; x_wconf 90' lang='lat' dir='ltr'><strong>pie,</strong></span> <span class='ocrx_word' id='word_1_85' title='bbox 305 1277 374 1314; x_wconf 92' lang='lat' dir='ltr'><strong>cum</strong></span> <span class='ocrx_word' id='word_1_86' title='bbox 395 1262 500 1327; x_wconf 86' lang='lat' dir='ltr'><strong>amice,</strong></span> <span class='ocrx_word' id='word_1_87' title='bbox 519 1276 588 1313; x_wconf 90' lang='lat' dir='ltr'><strong>cum</strong></span> <span class='ocrx_word' id='word_1_88' title='bbox 609 1276 720 1326; x_wconf 83' lang='lat' dir='ltr'><strong>magno</strong></span> <span class='ocrx_word' id='word_1_89' title='bbox 741 1260 841 1313; x_wconf 87' lang='lat' dir='ltr'><strong>animo</strong></span> <span class='ocrx_word' id='word_1_90' title='bbox 862 1253 978 1326; x_wconf 84' lang='lat' dir='ltr'><strong>aliquid</strong></span> <span class='ocrx_word' id='word_1_91' title='bbox 999 1255 1116 1314; x_wconf 85' lang='lat' dir='ltr'><strong>factum</strong></span> 
     </span>
    </p>

    <p class='ocr_par' dir='ltr' id='par_1_4' title="bbox 163 1339 1117 1660">
     <span class='ocr_line' id='line_1_14' title="bbox 163 1339 1117 1411; baseline -0.002 -12"><span class='ocrx_word' id='word_1_92' title='bbox 163 1339 201 1399; x_wconf 86' lang='grc'><strong>63</strong></span> <span class='ocrx_word' id='word_1_93' title='bbox 225 1343 454 1411; x_wconf 86' lang='lat' dir='ltr'><strong>cognoscimus?</strong></span> <span class='ocrx_word' id='word_1_94' title='bbox 501 1339 585 1410; x_wconf 85' lang='lat' dir='ltr'><strong>Quid</strong></span> <span class='ocrx_word' id='word_1_95' title='bbox 599 1339 705 1410; x_wconf 92' lang='lat' dir='ltr'><strong>loquor</strong></span> <span class='ocrx_word' id='word_1_96' title='bbox 719 1339 758 1397; x_wconf 94' lang='lat' dir='ltr'><strong>de</strong></span> <span class='ocrx_word' id='word_1_97' title='bbox 773 1340 860 1397; x_wconf 91' lang='lat' dir='ltr'><strong>nobis</strong></span> <span class='ocrx_word' id='word_1_98' title='bbox 874 1344 926 1410; x_wconf 93' lang='lat' dir='ltr'><strong>qui</strong></span> <span class='ocrx_word' id='word_1_99' title='bbox 940 1339 980 1396; x_wconf 90' lang='lat' dir='ltr'><strong>ad</strong></span> <span class='ocrx_word' id='word_1_100' title='bbox 991 1339 1117 1397; x_wconf 87' lang='lat' dir='ltr'><strong>laudem</strong></span> 
     </span>
     <span class='ocr_line' id='line_1_15' title="bbox 225 1423 1117 1494; baseline 0 -14"><span class='ocrx_word' id='word_1_101' title='bbox 225 1432 257 1481; x_wconf 89' lang='lat' dir='ltr'><strong>et</strong></span> <span class='ocrx_word' id='word_1_102' title='bbox 279 1424 318 1480; x_wconf 87' lang='lat' dir='ltr'><strong>ad</strong></span> <span class='ocrx_word' id='word_1_103' title='bbox 347 1424 440 1481; x_wconf 91' lang='lat' dir='ltr'><strong>decus</strong></span> <span class='ocrx_word' id='word_1_104' title='bbox 468 1428 542 1493; x_wconf 86' lang='lat' dir='ltr'><strong>nati,</strong></span> <span class='ocrx_word' id='word_1_105' title='bbox 571 1427 714 1494; x_wconf 87' lang='lat' dir='ltr'><strong>suscepti,</strong></span> <span class='ocrx_word' id='word_1_106' title='bbox 739 1427 873 1480; x_wconf 91' lang='lat' dir='ltr'><strong>instituti</strong></span> <span class='ocrx_word' id='word_1_107' title='bbox 901 1423 1028 1480; x_wconf 90' lang='lat' dir='ltr'><strong>sumus?</strong></span> <span class='ocrx_word' id='word_1_108' title='bbox 1065 1427 1117 1493; x_wconf 93' lang='lat' dir='ltr'><strong>qui</strong></span> 
     </span>
     <span class='ocr_line' id='line_1_16' title="bbox 224 1506 1117 1577; baseline 0 -13"><span class='ocrx_word' id='word_1_109' title='bbox 224 1508 369 1564; x_wconf 87' lang='lat' dir='ltr'><strong>clamores</strong></span> <span class='ocrx_word' id='word_1_110' title='bbox 384 1506 467 1576; x_wconf 87' lang='lat' dir='ltr'><strong>vulgi</strong></span> <span class='ocrx_word' id='word_1_111' title='bbox 480 1514 573 1576; x_wconf 89' lang='lat' dir='ltr'><strong>atque</strong></span> <span class='ocrx_word' id='word_1_112' title='bbox 588 1511 797 1577; x_wconf 86' lang='lat' dir='ltr'><strong>imperitorum</strong></span> <span class='ocrx_word' id='word_1_113' title='bbox 812 1510 986 1564; x_wconf 85' lang='lat' dir='ltr'><strong>excitantur</strong></span> <span class='ocrx_word' id='word_1_114' title='bbox 1000 1511 1033 1563; x_wconf 91' lang='lat' dir='ltr'><strong>in</strong></span> <span class='ocrx_word' id='word_1_115' title='bbox 1048 1506 1117 1564; x_wconf 88' lang='lat' dir='ltr'><strong>the·</strong></span> 
     </span>
     <span class='ocr_line' id='line_1_17' title="bbox 223 1588 630 1660; baseline -0.002 -13"><span class='ocrx_word' id='word_1_116' title='bbox 223 1595 305 1660; x_wconf 87' lang='lat' dir='ltr'><strong>atris,</strong></span> <span class='ocrx_word' id='word_1_117' title='bbox 320 1610 389 1646; x_wconf 92' lang='lat' dir='ltr'><strong>cum</strong></span> <span class='ocrx_word' id='word_1_118' title='bbox 403 1588 455 1646; x_wconf 88' lang='lat' dir='ltr'><strong>illa</strong></span> <span class='ocrx_word' id='word_1_119' title='bbox 469 1589 630 1646; x_wconf 90' lang='lat' dir='ltr'><strong>dicuntur:</strong></span> 
     </span>
    </p>
   </div>
   <div class='ocr_carea' id='block_1_4' title="bbox 224 1697 1036 1986">
    <p class='ocr_par' dir='ltr' id='par_1_5' title="bbox 224 1697 1036 1986">
     <span class='ocr_line' id='line_1_18' title="bbox 515 1697 896 1768; baseline 0.003 -14"><span class='ocrx_word' id='word_1_120' title='bbox 515 1697 581 1768; x_wconf 87' lang='lat' dir='ltr'><strong>Ego</strong></span> <span class='ocrx_word' id='word_1_121' title='bbox 596 1718 662 1768; x_wconf 83' lang='lat' dir='ltr'><strong>sum</strong></span> <span class='ocrx_word' id='word_1_122' title='bbox 677 1698 813 1767; x_wconf 78' lang='lat' dir='ltr'><strong>OresteS,</strong></span> <span class='ocrx_word' id='word_1_123' title='bbox 892 1728 896 1733; x_wconf 88' lang='lat'><strong>·</strong></span> 
     </span>
     <span class='ocr_line' id='line_1_19' title="bbox 224 1807 573 1878; baseline -0.003 -14"><span class='ocrx_word' id='word_1_124' title='bbox 224 1815 390 1878; x_wconf 89' lang='lat' dir='ltr'><strong>contraque</strong></span> <span class='ocrx_word' id='word_1_125' title='bbox 405 1807 444 1863; x_wconf 91' lang='lat' dir='ltr'><strong>ab</strong></span> <span class='ocrx_word' id='word_1_126' title='bbox 458 1807 573 1864; x_wconf 89' lang='lat' dir='ltr'><strong>altero:</strong></span> 
     </span>
     <span class='ocr_line' id='line_1_20' title="bbox 307 1914 1036 1986; baseline 0.001 -14"><span class='ocrx_word' id='word_1_127' title='bbox 307 1915 404 1972; x_wconf 92' lang='lat' dir='ltr'><strong>Immo</strong></span> <span class='ocrx_word' id='word_1_128' title='bbox 419 1920 573 1972; x_wconf 90' lang='lat' dir='ltr'><strong>enimvero</strong></span> <span class='ocrx_word' id='word_1_129' title='bbox 588 1934 645 1985; x_wconf 83' lang='lat' dir='ltr'><strong>ego</strong></span> <span class='ocrx_word' id='word_1_130' title='bbox 660 1935 737 1986; x_wconf 91' lang='lat' dir='ltr'><strong>sum,</strong></span> <span class='ocrx_word' id='word_1_131' title='bbox 747 1920 881 1985; x_wconf 90' lang='lat' dir='ltr'><strong>inquam,</strong></span> <span class='ocrx_word' id='word_1_132' title='bbox 892 1914 1036 1973; x_wconf 88' lang='lat' dir='ltr'><strong>Orestes!</strong></span> 
     </span>
    </p>
   </div>
   <div class='ocr_carea' id='block_1_5' title="bbox 223 2023 1118 2176">
    <p class='ocr_par' dir='ltr' id='par_1_6' title="bbox 223 2023 1118 2176">
     <span class='ocr_line' id='line_1_21' title="bbox 224 2023 1118 2093; baseline -0.002 -12"><span class='ocrx_word' id='word_1_133' title='bbox 224 2024 299 2081; x_wconf 92' lang='lat' dir='ltr'><strong>Cum</strong></span> <span class='ocrx_word' id='word_1_134' title='bbox 319 2031 422 2080; x_wconf 87' lang='lat' dir='ltr'><strong>autem</strong></span> <span class='ocrx_word' id='word_1_135' title='bbox 443 2027 535 2080; x_wconf 88' lang='lat' dir='ltr'><strong>etiam</strong></span> <span class='ocrx_word' id='word_1_136' title='bbox 556 2027 655 2080; x_wconf 86' lang='lat' dir='ltr'><strong>exitus</strong></span> <span class='ocrx_word' id='word_1_137' title='bbox 674 2024 713 2080; x_wconf 96' lang='lat' dir='ltr'><strong>ab</strong></span> <span class='ocrx_word' id='word_1_138' title='bbox 732 2030 862 2093; x_wconf 87' lang='lat' dir='ltr'><strong>utroque</strong></span> <span class='ocrx_word' id='word_1_139' title='bbox 882 2023 973 2080; x_wconf 86' lang='lat' dir='ltr'><strong>datur</strong></span> <span class='ocrx_word' id='word_1_140' title='bbox 993 2031 1118 2081; x_wconf 89' lang='lat' dir='ltr'><strong>contur-</strong></span> 
     </span>
     <span class='ocr_line' id='line_1_22' title="bbox 223 2108 638 2176; baseline 0 -13"><span class='ocrx_word' id='word_1_141' title='bbox 223 2108 294 2163; x_wconf 85' lang='lat' dir='ltr'><strong>bato</strong></span> <span class='ocrx_word' id='word_1_142' title='bbox 309 2111 482 2176; x_wconf 88' lang='lat' dir='ltr'><strong>errantique</strong></span> <span class='ocrx_word' id='word_1_143' title='bbox 497 2110 582 2176; x_wconf 84' lang='lat' dir='ltr'><strong>regi:</strong></span> <span class='ocrx_word' id='word_1_144' title='bbox 636 2151 638 2156; x_wconf 90' lang='lat'><em>.</em></span> 
     </span>
    </p>
   </div>
   <div class='ocr_carea' id='block_1_6' title="bbox 375 2214 968 2286">
    <p class='ocr_par' dir='ltr' id='par_1_7' title="bbox 375 2214 968 2286">
     <span class='ocr_line' id='line_1_23' title="bbox 375 2214 968 2286; baseline 0 -16"><span class='ocrx_word' id='word_1_145' title='bbox 375 2214 475 2271; x_wconf 92' lang='lat' dir='ltr'><strong>Ambo</strong></span> <span class='ocrx_word' id='word_1_146' title='bbox 491 2234 563 2285; x_wconf 84' lang='lat' dir='ltr'><strong>ergo</strong></span> <span class='ocrx_word' id='word_1_147' title='bbox 578 2235 638 2271; x_wconf 89' lang='lat' dir='ltr'><strong>una</strong></span> <span class='ocrx_word' id='word_1_148' title='bbox 651 2218 787 2272; x_wconf 87' lang='lat' dir='ltr'><strong>necarier</strong></span> <span class='ocrx_word' id='word_1_149' title='bbox 801 2233 968 2286; x_wconf 86' lang='lat' dir='ltr'><strong>precamur,</strong></span> 
     </span>
    </p>
   </div>
   <div class='ocr_carea' id='block_1_7' title="bbox 161 2321 1117 2812">
    <p class='ocr_par' dir='ltr' id='par_1_8' title="bbox 161 2321 1117 2812">
     <span class='ocr_line' id='line_1_24' title="bbox 222 2321 1117 2393; baseline 0.003 -15"><span class='ocrx_word' id='word_1_150' title='bbox 222 2325 363 2393; x_wconf 91' lang='lat' dir='ltr'><strong>quotiens</strong></span> <span class='ocrx_word' id='word_1_151' title='bbox 383 2321 440 2378; x_wconf 91' lang='lat' dir='ltr'><strong>hoc</strong></span> <span class='ocrx_word' id='word_1_152' title='bbox 456 2326 566 2392; x_wconf 84' lang='lat' dir='ltr'><strong>agitur,</strong></span> <span class='ocrx_word' id='word_1_153' title='bbox 581 2322 779 2392; x_wconf 86' lang='lat' dir='ltr'><strong>ecquandone</strong></span> <span class='ocrx_word' id='word_1_154' title='bbox 793 2325 851 2378; x_wconf 91' lang='lat' dir='ltr'><strong>nisi</strong></span> <span class='ocrx_word' id='word_1_155' title='bbox 865 2321 1117 2381; x_wconf 86' lang='lat' dir='ltr'><strong>admirationibus</strong></span> 
     </span>
     <span class='ocr_line' id='line_1_25' title="bbox 222 2404 1116 2476; baseline 0.001 -13"><span class='ocrx_word' id='word_1_156' title='bbox 222 2406 381 2463; x_wconf 89' lang='lat' dir='ltr'><strong>maximis?</strong></span> <span class='ocrx_word' id='word_1_157' title='bbox 425 2405 524 2462; x_wconf 90' lang='lat' dir='ltr'><strong>Nemo</strong></span> <span class='ocrx_word' id='word_1_158' title='bbox 546 2413 593 2463; x_wconf 89' lang='lat' dir='ltr'><strong>est</strong></span> <span class='ocrx_word' id='word_1_159' title='bbox 612 2409 706 2475; x_wconf 82' lang='lat' dir='ltr'><strong>igitur</strong></span> <span class='ocrx_word' id='word_1_160' title='bbox 725 2409 799 2476; x_wconf 89' lang='lat' dir='ltr'><strong>quin</strong></span> <span class='ocrx_word' id='word_1_161' title='bbox 819 2404 897 2462; x_wconf 86' lang='lat' dir='ltr'><strong>hanc</strong></span> <span class='ocrx_word' id='word_1_162' title='bbox 920 2405 1116 2464; x_wconf 83' lang='lat' dir='ltr'><strong>affectionem</strong></span> 
     </span>
     <span class='ocr_line' id='line_1_26' title="bbox 221 2488 1115 2560; baseline 0.002 -14"><span class='ocrx_word' id='word_1_163' title='bbox 221 2494 314 2546; x_wconf 84' lang='lat' dir='ltr'><strong>animi</strong></span> <span class='ocrx_word' id='word_1_164' title='bbox 336 2489 447 2560; x_wconf 88' lang='lat' dir='ltr'><strong>probet</strong></span> <span class='ocrx_word' id='word_1_165' title='bbox 469 2497 562 2560; x_wconf 88' lang='lat' dir='ltr'><strong>atque</strong></span> <span class='ocrx_word' id='word_1_166' title='bbox 584 2488 690 2546; x_wconf 90' lang='lat' dir='ltr'><strong>laudet</strong></span> <span class='ocrx_word' id='word_1_167' title='bbox 710 2509 769 2560; x_wconf 85' lang='lat' dir='ltr'><strong>qua</strong></span> <span class='ocrx_word' id='word_1_168' title='bbox 792 2509 855 2546; x_wconf 91' lang='lat' dir='ltr'><strong>non</strong></span> <span class='ocrx_word' id='word_1_169' title='bbox 877 2488 969 2546; x_wconf 92' lang='lat' dir='ltr'><strong>modo</strong></span> <span class='ocrx_word' id='word_1_170' title='bbox 994 2490 1115 2548; x_wconf 87' lang='lat' dir='ltr'><strong>utilitas</strong></span> 
     </span>
     <span class='ocr_line' id='line_1_27' title="bbox 222 2572 1115 2642; baseline 0.001 -12"><span class='ocrx_word' id='word_1_171' title='bbox 222 2573 306 2630; x_wconf 92' lang='lat' dir='ltr'><strong>nulla</strong></span> <span class='ocrx_word' id='word_1_172' title='bbox 320 2576 475 2642; x_wconf 90' lang='lat' dir='ltr'><strong>quaeritur</strong></span> <span class='ocrx_word' id='word_1_173' title='bbox 489 2572 543 2629; x_wconf 90' lang='lat' dir='ltr'><strong>sed</strong></span> <span class='ocrx_word' id='word_1_174' title='bbox 555 2580 660 2629; x_wconf 90' lang='lat' dir='ltr'><strong>contra</strong></span> <span class='ocrx_word' id='word_1_175' title='bbox 670 2573 836 2630; x_wconf 86' lang='lat' dir='ltr'><strong>utilitatem</strong></span> <span class='ocrx_word' id='word_1_176' title='bbox 851 2576 944 2630; x_wconf 87' lang='lat' dir='ltr'><strong>etiam</strong></span> <span class='ocrx_word' id='word_1_177' title='bbox 956 2592 1115 2631; x_wconf 89' lang='lat' dir='ltr'><strong>conserva-</strong></span> 
     </span>
     <span class='ocr_line' id='line_1_28' title="bbox 161 2653 1114 2727; baseline 0.002 -14"><span class='ocrx_word' id='word_1_178' title='bbox 161 2653 200 2713; x_wconf 70' lang='lat'><strong>64</strong></span> <span class='ocrx_word' id='word_1_179' title='bbox 222 2663 273 2713; x_wconf 91' lang='lat' dir='ltr'><strong>tur</strong></span> <span class='ocrx_word' id='word_1_180' title='bbox 287 2656 369 2713; x_wconf 82' lang='lat' dir='ltr'><strong>fides</strong></span> <span class='ocrx_word' id='word_1_181' title='bbox 404 2655 527 2713; x_wconf 91' lang='lat' dir='ltr'><strong>Talibus</strong></span> <span class='ocrx_word' id='word_1_182' title='bbox 542 2656 690 2727; x_wconf 87' lang='lat' dir='ltr'><strong>exemplis</strong></span> <span class='ocrx_word' id='word_1_183' title='bbox 704 2676 767 2713; x_wconf 92' lang='lat' dir='ltr'><strong>non</strong></span> <span class='ocrx_word' id='word_1_184' title='bbox 781 2657 869 2714; x_wconf 88' lang='lat' dir='ltr'><strong>fictae</strong></span> <span class='ocrx_word' id='word_1_185' title='bbox 880 2655 978 2713; x_wconf 91' lang='lat' dir='ltr'><strong>solum</strong></span> <span class='ocrx_word' id='word_1_186' title='bbox 992 2656 1114 2716; x_wconf 87' lang='lat' dir='ltr'><strong>fabulae</strong></span> 
     </span>
     <span class='ocr_line' id='line_1_29' title="bbox 222 2739 1115 2812; baseline 0.002 -16"><span class='ocrx_word' id='word_1_187' title='bbox 222 2759 327 2796; x_wconf 91' lang='lat' dir='ltr'><strong>verum</strong></span> <span class='ocrx_word' id='word_1_188' title='bbox 356 2743 449 2797; x_wconf 85' lang='lat' dir='ltr'><strong>etiam</strong></span> <span class='ocrx_word' id='word_1_189' title='bbox 481 2739 625 2797; x_wconf 90' lang='lat' dir='ltr'><strong>historiae</strong></span> <span class='ocrx_word' id='word_1_190' title='bbox 655 2739 787 2797; x_wconf 84' lang='lat' dir='ltr'><strong>refertae</strong></span> <span class='ocrx_word' id='word_1_191' title='bbox 816 2747 897 2811; x_wconf 89' lang='lat' dir='ltr'><strong>sunt,</strong></span> <span class='ocrx_word' id='word_1_192' title='bbox 927 2747 960 2798; x_wconf 89' lang='lat' dir='ltr'><strong>et</strong></span> <span class='ocrx_word' id='word_1_193' title='bbox 988 2741 1115 2812; x_wconf 90' lang='lat' dir='ltr'><strong>quidem</strong></span> 
     </span>
    </p>
   </div>
   <div class='ocr_carea' id='block_1_8' title="bbox 312 2870 1015 2987">
    <p class='ocr_par' dir='ltr' id='par_1_9' title="bbox 312 2870 1015 2987">
     <span class='ocr_line' id='line_1_30' title="bbox 314 2870 1015 2937; baseline 0.001 -17"><span class='ocrx_word' id='word_1_194' title='bbox 314 2870 412 2921; x_wconf 79' lang='lat' dir='ltr'><strong>lhuius</strong></span> <span class='ocrx_word' id='word_1_195' title='bbox 424 2872 544 2922; x_wconf 88' lang='lat' dir='ltr'><strong>inserted</strong></span> <span class='ocrx_word' id='word_1_196' title='bbox 556 2872 592 2935; x_wconf 94' lang='lat' dir='ltr'><strong>by</strong></span> <span class='ocrx_word' id='word_1_197' title='bbox 606 2873 710 2929; x_wconf 73' lang='lat' dir='ltr'><strong>Miller,</strong></span> <span class='ocrx_word' id='word_1_198' title='bbox 724 2871 878 2936; x_wconf 84' lang='lat' dir='ltr'><strong>suggested</strong></span> <span class='ocrx_word' id='word_1_199' title='bbox 890 2872 927 2937; x_wconf 93' lang='lat' dir='ltr'><strong>by</strong></span> <span class='ocrx_word' id='word_1_200' title='bbox 940 2872 1015 2922; x_wconf 89' lang='lat' dir='ltr'><strong>Mdv.</strong></span> 
     </span>
     <span class='ocr_line' id='line_1_31' title="bbox 312 2935 597 2987; baseline 0.004 -2"><span class='ocrx_word' id='word_1_201' title='bbox 312 2935 360 2986; x_wconf 80' lang='lat' dir='ltr'><strong>²in</strong></span> <span class='ocrx_word' id='word_1_202' title='bbox 373 2939 445 2987; x_wconf 89' lang='lat' dir='ltr'><strong>Mdv.</strong></span> <span class='ocrx_word' id='word_1_203' title='bbox 460 2938 597 2986; x_wconf 82' lang='lat' dir='ltr'><strong>brackets,</strong></span> 
     </span>
    </p>
   </div>
   <div class='ocr_carea' id='block_1_9' title="bbox 305 3095 776 3231">
    <p class='ocr_par' dir='ltr' id='par_1_10' title="bbox 305 3095 776 3231">
     <span class='ocr_line' id='line_1_32' title="bbox 516 3095 776 3161; baseline 0.012 -18"><span class='ocrx_word' id='word_1_204' title='bbox 516 3095 581 3144; x_wconf 81' lang='lat' dir='ltr'><strong>aCf.</strong></span> <span class='ocrx_word' id='word_1_205' title='bbox 598 3095 634 3156; x_wconf 91' lang='lat'><strong>11,</strong></span> <span class='ocrx_word' id='word_1_206' title='bbox 649 3109 689 3161; x_wconf 89' lang='lat'><strong>79,</strong></span> <span class='ocrx_word' id='word_1_207' title='bbox 703 3104 776 3146; x_wconf 87' lang='lat' dir='ltr'><strong>note.</strong></span> 
     </span>
     <span class='ocr_line' id='line_1_33' title="bbox 305 3171 365 3231; baseline -0.033 0"><span class='ocrx_word' id='word_1_208' title='bbox 305 3171 365 3231; x_wconf 81' lang='lat'><strong>464</strong></span> 
     </span>
    </p>
   </div>
   <div class='ocr_carea' id='block_1_10' title="bbox 0 0 1170 3698">
    <p class='ocr_par' dir='ltr' id='par_1_11' title="bbox 0 0 1170 3698">
     <span class='ocr_line' id='line_1_34' title="bbox 0 0 1170 3698; baseline 0 0"><span class='ocrx_word' id='word_1_209' title='bbox 0 0 1170 3698; x_wconf 95' lang='lat' dir='ltr'><strong> </strong></span> 
     </span>
    </p>
   </div>
  </div>
 </body>
</html>
