2332 3698
438 227 588 297 CICERO
612 227 669 294 DE
692 228 860 295 FINIBUS

203 361 357 419 molestias
378 364 509 418 accessio
531 367 634 431 potest
655 359 730 430 fieri,
745 367 859 429 quanta
880 358 920 416 ad
940 358 1096 429 augendas

205 483 274 519 eum
289 465 475 518 conscientia
489 460 638 517 factorum
653 468 720 517 tum
734 479 832 530 poena
846 459 952 530 legum
966 459 1097 529 odioque

206 563 334 620 civium?
378 561 419 619 Et
441 570 545 619 tamen
566 566 599 619 in
621 561 801 632 quibusdam
823 581 923 631 neque
949 565 1099 632 pecuniae

206 663 313 721 modus
329 671 376 720 est
390 683 491 734 neque
506 663 627 720 honoris
639 683 739 733 neque
749 667 857 734 imperi
868 683 926 720 nee
937 662 1100 720 libidinum

206 784 264 822 nec
276 763 432 836 epularum
443 784 501 822 nec
512 763 696 834 reliquarum
708 764 920 836 cupiditatum,
932 784 1005 835 quas
1015 762 1102 820 nulla

208 866 321 938 praeda
334 886 478 937 umquam
492 866 630 938 improbe
644 873 731 937 parta
745 870 865 936 minuit,
878 869 1038 937 potiusque
1054 869 1101 922 in-

209 968 351 1038 flammat,
371 975 407 1025 ut
428 967 589 1025 coercendi
610 971 706 1038 magis
728 987 818 1038 quam
841 966 1013 1024 dedocendi
1035 986 1102 1025 esse

150 1077 187 1128 52
210 1069 378 1127 videantur.
424 1068 539 1126 Invitat
557 1072 650 1140 igitur
669 1089 740 1126 vera
759 1073 836 1126 ratio
856 1069 936 1126 bene
956 1087 1043 1125 sanos
1063 1068 1104 1126 ad

211 1175 367 1240 iustitiam,
381 1174 578 1242 aequitatem,
593 1171 693 1228 fidem.
738 1170 847 1242 Neque
862 1170 978 1228 homini
992 1169 1104 1227 infanti

211 1281 264 1331 aut
278 1277 441 1344 impotenti
455 1276 566 1331 iniuste
581 1272 662 1330 facta
676 1273 861 1348 conducunt,
877 1276 928 1342 qui
943 1292 1000 1329 nec
1015 1272 1105 1330 facile

212 1376 330 1432 efficere
345 1378 440 1444 possit
454 1375 536 1444 quod
550 1381 678 1431 conetur
692 1393 750 1431 nec
764 1374 904 1431 obtinere
920 1378 944 1430 si
959 1373 1105 1444 effecerit,

213 1483 246 1534 et
260 1494 333 1547 opes
347 1474 395 1532 vel
411 1474 550 1532 fortunae
562 1475 610 1532 vel
623 1479 728 1544 ingeni
739 1474 915 1532 liberalitati
927 1480 1022 1545 magis
1034 1494 1105 1532 con-

212 1580 350 1647 veniunt,
374 1596 433 1647 qua
456 1580 507 1646 qui
533 1583 662 1633 utuntur
685 1576 930 1635 benevolentiam
954 1577 1010 1634 sibi
1034 1597 1106 1634 con-

214 1679 319 1753 eiliant
333 1684 375 1747 et,
391 1677 472 1748 quod
486 1681 674 1748 aptissimum
690 1686 737 1735 est
754 1678 793 1736 ad
811 1682 915 1749 quiete
931 1678 1105 1749 vivendum,⁴

214 1784 388 1848 caritatem;
410 1783 589 1850 praesertim
613 1799 681 1837 cum
705 1784 828 1837 omnino
851 1779 935 1837 nulla
957 1785 997 1838 sit
1018 1800 1108 1838 eausa

155 1888 193 1940 53
215 1880 377 1954 peccandi:
400 1901 477 1951 quae
499 1885 581 1938 enim
603 1881 786 1952 cupiditates
815 1902 832 1937 a
857 1889 966 1939 natura
990 1882 1109 1952 profici·

216 1990 351 2052 scuntur,
361 1981 450 2039 facile
461 1982 623 2052 explentur
634 1986 699 2040 sine
711 1982 772 2039 ulla
784 1987 892 2040 iniuria
899 2003 906 2053 ;
919 2004 995 2054 quae
1005 1991 1109 2042 autem

218 2088 323 2141 inanes
344 2089 425 2153 sunt,
441 2087 476 2140 iis
497 2083 666 2154 parendum
689 2103 750 2140 non
774 2092 831 2155 est,
853 2085 930 2142 nihil
952 2090 1034 2143 enim
1057 2085 1111 2144 de-

219 2185 380 2244 siderabile
392 2189 626 2256 concupiscunt:
638 2184 767 2256 plusque
776 2190 808 2242 in
820 2190 884 2257 ipsa
896 2190 1004 2244 iniuria
1015 2187 1111 2245 detri-

219 2291 316 2344 menti
326 2294 373 2344 est
382 2306 471 2357 quam
481 2292 512 2343 in
521 2291 557 2344 iis
566 2287 656 2345 rebus
666 2286 1113 2360 emolumentiquaepariuntur

220 2392 335 2445 iniuria.
361 2387 469 2458 Itaque
481 2408 520 2446 ne
532 2393 679 2446 iustitiam
690 2389 814 2459 quidem
826 2397 910 2448 recte
922 2395 988 2461 quis
1000 2391 1113 2451 dixerit

220 2509 275 2561 per
299 2509 330 2546 se
354 2492 449 2560 ipsam
473 2488 649 2560 optabilem,
672 2482 726 2547 sed
750 2495 820 2561 quia
843 2492 1039 2549 iucunditatis
1063 2495 1113 2551 vel

222 2589 386 2662 plurimum
400 2589 513 2647 afferat.
560 2590 638 2646 Nam
654 2590 740 2661 diligi
756 2600 788 2649 et
803 2612 905 2651 earum
923 2613 988 2651 esse
1007 2598 1113 2652 iucun-

222 2685 295 2743 dum
307 2692 355 2743 est
365 2693 527 2755 propterea
538 2690 608 2755 quia
614 2691 760 2744 tutiorem
766 2692 859 2745 vitam
871 2696 904 2746 et
910 2680 1114 2760 voluptatum1

222 2781 390 2852 pleniorem
412 2781 510 2837 efficit.
557 2780 664 2852 Itaque
687 2803 749 2840 non
769 2784 808 2841 ob
825 2804 861 2841 ea
882 2784 979 2842 solum
999 2788 1114 2843 incom-

222 2876 312 2934 moda
327 2895 404 2946 quae
419 2880 565 2934 eveniunt
580 2879 724 2949 improbis
742 2879 920 2949 fugiendam
938 2882 1115 2951 improbita-

222 2979 286 3030 tem
301 2978 452 3043 putamus,
468 2971 522 3029 sed
536 2973 634 3030 multo
649 2979 742 3031 etiam
759 2980 855 3046 magis
873 2972 964 3047 quod,
980 2980 1064 3034 euius
1082 2982 1114 3035 in

294 3119 476 3255 ¹vgluptalum
490 3120 604 3179 Miiller3
628 3121 790 3187 voluptatem
803 3123 876 3172 Mdv.
892 3124 955 3172 wilh
969 3123 1047 3173 MSS.

308 3203 326 3256 5
