2332 3698
404 236 554 296 CICERO
578 235 635 292 DE
658 233 826 292 FINIBUS

168 366 308 434 corporis.
355 358 476 417 Deinde
496 358 528 416 id
549 376 669 428 quoque
689 355 836 425 videmus,
861 357 961 411 etita
986 351 1063 422 figu-

169 491 269 540 ratum
284 500 391 552 corpus
406 488 441 536 ut
456 477 587 536 excellat
597 477 673 546 aliis,
685 480 881 545 animumque
893 479 937 531 ita
948 475 1069 530 consti-'

170 611 273 661 tutum
284 610 319 658 ut
334 609 367 659 et
382 601 519 658 sensibus
534 603 700 655 instructus
722 601 761 653 sit
784 604 816 653 et
839 595 952 651 habeat
975 613 1063 664 prae-

170 720 314 774 stantiam
329 718 441 772 mentis
461 718 509 771 cui
529 720 595 770 tota
614 713 745 768 hominis
764 718 873 767 natura
893 716 1011 780 pareat,
1031 712 1064 764 in

171 851 231 902 qua
245 834 285 887 sit
299 829 443 886 mirabilis
458 827 608 899 quaedam
622 830 666 883 vis
680 829 806 882 rationis
825 832 857 882 et
878 825 1063 894 cognitionis

172 951 204 1001 et
218 947 364 1000 scientiae
379 946 588 1011 virtutumque
604 944 747 997 omnium.
772 939 852 995 Nam
867 957 944 1009 quae
957 957 1063 1008 corpo·

172 1061 212 1115 ris
237 1065 309 1114 sunt
332 1077 368 1113 ea
390 1075 448 1112 nec
472 1058 686 1112 auctoritatem
712 1074 781 1110 cum
806 1056 900 1109 animi
924 1051 1064 1123 partibus

172 1170 404 1242 comparandam
440 1176 473 1226 et
502 1172 709 1239 cognitionem
737 1167 854 1224 habent
882 1165 1062 1223 faciliorem.

174 1283 283 1354 Itaque
298 1284 336 1339 ab
350 1282 397 1340 his
412 1282 571 1339 ordiamur.

113 1405 151 1455 35
215 1383 380 1468 “Corporis
404 1400 497 1466 igitur
519 1400 615 1452 nostri
640 1403 743 1466 partes
766 1402 892 1465 totaque
914 1394 1011 1464 figura
1033 1401 1067 1450 et

174 1511 270 1568 forma
285 1518 318 1567 et
332 1517 448 1566 statura
463 1527 554 1578 quam
568 1516 639 1579 apta
653 1509 692 1566 ad
707 1517 847 1566 naturam
867 1513 906 1565 sit
927 1514 1066 1579 apparet,

174 1644 274 1695 neque
291 1631 338 1680 est
353 1622 478 1679 dubium
493 1626 567 1693 quin
581 1621 674 1693 frons,
687 1622 775 1694 oculi,
788 1643 875 1681 aures
887 1631 920 1680 et
930 1623 1067 1693 reliquae

174 1746 276 1809 partes
292 1737 396 1808 quales
410 1740 549 1807 propriae
565 1741 630 1805 sint⁴
640 1737 771 1795 hominis
782 1738 996 1807 intellegatur3
1012 1738 1068 1795 sed

175 1861 259 1910 certe
271 1872 346 1923 opus
362 1859 410 1908 est
425 1871 461 1907 ea
475 1851 576 1909 valere
592 1859 625 1908 et
639 1857 742 1922 vigere
758 1861 790 1910 et
801 1851 954 1908 naturales
966 1859 1069 1909 motus

176 1986 306 2037 ususque
321 1965 445 2034 habere,
460 1973 496 2022 ut
510 1986 568 2022 nec
582 1967 661 2023 absit
672 1965 746 2036 quid
757 1985 862 2022 eorum
873 1985 930 2022 nec
940 1985 1069 2035 aegrum

176 2080 409 2138 debilitatumve
424 2083 472 2136 sit.
518 2078 555 2137 Id
575 2083 657 2136 enim
676 2086 785 2136 natura
804 2079 966 2136 desiderat.
1011 2079 1070 2138 Est

176 2201 281 2251 autem
296 2197 389 2250 etiam
404 2195 483 2249 actio
499 2192 648 2262 quaedam
662 2196 794 2263 corporis
814 2212 891 2263 quae
912 2200 1014 2250 motus
1036 2201 1070 2251 et

177 2314 274 2364 status
304 2313 430 2362 naturae
460 2313 665 2375 congruentes
694 2314 802 2375 tenet3
837 2311 869 2363 in
904 2308 1013 2378 quibus
1044 2311 1070 2365 si

177 2426 322 2491 peccetur
351 2417 531 2475 distortione
561 2427 594 2476 et
622 2419 839 2490 depravatione
873 2420 1004 2491 quadam
1033 2442 1070 2478 ac

177 2540 263 2591 motu
278 2539 398 2590 statuve
414 2531 554 2602 deformi,
569 2541 605 2590 ut
619 2538 644 2590 si
658 2542 712 2592 aut
726 2534 865 2625 manibus
879 2534 1071 2605 ingrediatur

178 2651 245 2718 quis
259 2654 313 2703 aut
327 2665 389 2702 non
403 2653 476 2703 ante
492 2647 546 2704 sed
561 2655 653 2718 retro,
668 2647 775 2718 fugere
790 2647 881 2719 plane
899 2668 931 2706 se
951 2653 1016 2720 ipse
1036 2658 1071 2707 et

178 2760 334 2817 hominem
349 2778 464 2817 exuens
476 2780 512 2817 ex
524 2760 648 2818 homine
660 2769 799 2819 naturam
810 2762 909 2820 odisse
920 2762 1069 2821 videatur.

180 2873 386 2946 Quamobrem
401 2878 493 2931 etiam
508 2878 656 2932 sessiones
671 2875 820 2946 quaedam
836 2883 868 2933 et
883 2874 952 2933 flexi
967 2876 1071 2935 fracti-

179 3007 238 3058 que
249 2994 360 3056 motus‚
370 2987 473 3057 quales
481 2995 690 3058 protervorum
701 2988 858 3046 hominum
869 2997 923 3046 aut
933 2989 1071 3048 mollium

180 3120 247 3158 esse
269 3100 379 3170 solent,
395 3108 500 3156 contra
520 3109 660 3158 naturam
680 3110 761 3171 sunt,
780 3110 816 3158 ut
839 3106 958 3161 etiamsi
977 3109 1071 3162 animi

264 3190 324 3240 430
