2332 3698
404 197 554 263 CICERO
579 197 635 256 DE
658 197 826 258 FINIBUS

108 315 146 376 65
170 319 360 392 voluptatum
376 325 511 378 omnium
527 326 680 378 varietate.
716 321 810 378 Hunc
821 339 873 393 vos
884 320 1060 390 beatum,-

169 433 246 487 ratio
273 428 398 500 quidem
423 437 523 487 vestra
548 434 589 487 sic
616 433 712 501 cogit3
733 436 767 488 at
792 448 850 501 ego
873 448 965 500 quem
990 427 1061 486 huic

171 545 358 609 anteponam
383 556 446 594 non
471 538 568 596 audeo
594 537 715 606 dicere3
740 537 823 596 dicet
846 557 900 609 pro
923 556 974 595 me
997 539 1062 608 ipsa

171 649 277 716 virtus,
293 666 351 704 nec
371 647 524 705 dubitabit
544 651 594 705 isti
615 654 715 704 vestro
735 647 826 704 beato
846 646 888 703 M.
910 644 1062 717 Regulum

173 762 372 827 anteponere,
388 776 479 828 quem
495 755 629 827 quidem,
645 775 713 813 cum
728 775 782 814 sua
796 754 964 825 voluntate,
978 752 1063 811 nulla

171 866 200 918 vi
228 871 349 921 coactus
374 871 496 936 praeter
521 843 612 920 fidem
638 882 728 933 quam
753 861 882 920 dederat
906 861 997 933 hosti,
1023 881 1062 919 ex

169 976 267 1043 patria
297 972 513 1043 Carthaginem
542 975 727 1042 revertisset,
756 979 823 1029 tum
854 975 963 1042 ipsum,
992 991 1062 1055 cum

169 1080 278 1150 vigiliis
294 1089 327 1138 et
341 1080 422 1138 fame
438 1084 632 1149 cruciaretur,
648 1079 759 1136 clamat
778 1083 873 1136 virtus
893 1051 1061 1146 beatiorem

168 1187 261 1246 fuisse
274 1209 365 1259 quam
376 1196 537 1260 potantem
548 1193 580 1244 in
591 1207 657 1244 rosa
669 1186 822 1244 Thorium.
854 1184 940 1243 Bella
950 1206 1062 1257 magna

168 1306 317 1368 gesserat,
333 1299 379 1355 bis
399 1297 504 1354 consul
523 1296 634 1366 fuerat,
649 1295 860 1366 triumpharat,
878 1315 936 1352 nec
955 1302 1061 1354 tamen

171 1424 224 1461 sua
239 1404 290 1460 illa
310 1409 463 1475 superiora
484 1412 547 1461 tam
568 1425 679 1476 magna
700 1423 805 1496 neque,
822 1411 885 1461 tam
907 1403 1062 1476 praeclara

170 1510 303 1568 ducebat
317 1529 407 1581 quam
428 1510 514 1567 illum
536 1511 677 1569 ultimum
700 1530 801 1568 casum
823 1529 914 1580 quem
935 1518 1062 1583 propter

172 1618 264 1676 fidem
279 1624 541 1690 constantiamque
557 1627 748 1691 susceperat;
770 1623 822 1691 qui
837 1619 923 1676 nobis
937 1623 1061 1677 misera-

169 1727 236 1785 bilis
259 1727 379 1786 videtur
398 1728 602 1799 audientibus,
620 1728 665 1785 ilii
683 1732 869 1800 perpetienti
889 1734 955 1785 erat
976 1714 1061 1787 roluss
1107 1801 1109 1805 y

168 1842 291 1908 ptarius.
337 1837 408 1894 Non
428 1841 510 1894 enim
530 1836 684 1894 hilaritate
702 1856 760 1894 nec
782 1836 903 1894 lascivia
922 1855 979 1893 nec
997 1841 1058 1895 risu

167 1953 220 2003 aut
234 1951 309 2016 ioco,
325 1949 436 2002 comite
456 1945 599 2014 levitatis,
612 1932 720 2016 1saepe
736 1948 829 2002 etiam
844 1931 947 2002 tristes
966 1943 1059 2002 firmi-
1107 1924 1111 1936 ι’

105 2052 144 2112 66
166 2062 232 2136 tate
259 2061 292 2112 et
319 2057 490 2111 constantia
516 2060 587 2110 sunt
613 2054 706 2110 beatir
749 2052 893 2126 Stuprata
917 2071 973 2124 per
997 2035 1059 2111 vim

167 2163 310 2221 Lucretia
325 2183 343 2219 a
357 2167 437 2234 regis
453 2162 514 2220 filio
527 2168 641 2220 testata
656 2166 736 2220 cives
756 2182 788 2219 se
806 2166 870 2232 ipsa
889 2165 1055 2229 interemit.

168 2273 229 2329 Hic
241 2270 328 2328 dolor
339 2271 443 2342 populi
456 2272 582 2328 Romani
594 2269 672 2328 duce
685 2278 717 2328 et
728 2277 851 2327 auctore
863 2270 957 2327 Bmto
968 2289 1059 2328 causa

166 2382 282 2436 civitati
297 2378 449 2436 libertatis
464 2378 533 2448 fuit,
545 2378 584 2435 ob
597 2382 722 2448 eiusque
733 2377 1057 2436 mulierismemoriam

165 2492 263 2559 primo
278 2507 358 2544 anno
381 2494 414 2544 et
435 2491 480 2544 vir
502 2493 535 2544 et
555 2494 643 2558 pater
665 2491 730 2544 eius
753 2485 856 2543 consul
879 2492 926 2542 est
947 2483 1055 2544 factus.

165 2588 278 2645 Tenuis
294 2586 327 2644 L.
345 2587 507 2658 Verginius
522 2607 661 2658 unusque
682 2587 721 2644 de
740 2586 845 2644 multis
866 2591 1056 2657 sexagesimo

164 2707 245 2745 anno
262 2695 331 2758 post
350 2688 526 2746 libertatem
545 2695 701 2759 receptam
721 2690 869 2756 virginem
884 2685 981 2763 filiam
1001 2707 1056 2744 sua

165 2900 229 2949 tum
245 2898 310 2948 erat
324 2879 407 2948 cum2
422 2911 539 2950 summo
552 2892 689 2960 imperio,
705 2888 878 2946 dederetur.

324 3013 333 3043 ¹
344 3015 440 3064 Before
452 3020 530 3077 saepe
541 3012 586 3061 inf.
602 3011 681 3060 MSS.
695 3011 779 3060 insert
791 3009 844 3060 sed.

329 3079 407 3130 ¹cum
419 3078 538 3128 inserted
549 3077 585 3142 by
599 3077 619 3126 1.
636 3077 740 3126 Mulier.

247 3163 306 3216 154
