2332 3698
456 232 606 291 CICERO
629 231 686 289 DE
708 230 876 291 FlNlBUS

221 352 346 424 quidem
362 353 512 410 Arcesilas
526 361 607 423 tuna,
623 357 681 410 etsi
696 352 756 410 fuit
771 356 804 409 in
821 353 1000 411 disserendo
1019 355 1114 424 perti-

222 453 334 520 nacior,
349 456 454 506 tamen
473 455 578 506 noster
597 447 671 516 fuit;
693 456 759 506 erat
778 452 860 505 enim
881 448 1068 516 Polemonis3
1089 452 1114 504 is

222 565 292 602 cum
306 545 429 603 arderet
446 545 598 617 podagrae
616 543 770 602 doloribus
787 548 999 616 visitassetque
1016 544 1113 602 horni-

221 661 294 699 nem
318 641 494 700 Charmides
518 628 705 712 Epicureus1
727 640 937 711 perfamiliaris
961 648 994 698 et
1018 643 1114 697 tristis

222 741 331 809 exiret,
355 724 473 809 ‘Mane,
497 737 628 809 quaeso,’
653 740 763 807 inquit,
787 722 967 795 ‘Charmide
990 744 1115 802 noster3

222 833 299 891 nihil
313 832 397 890 illinc
412 833 472 890 huc
485 831 646 903 pervenit!
684 831 833 890 Ostendit
843 831 938 903 pedes
949 840 982 890 et
996 839 1113 902 pectus.

222 930 270 986 Ac
284 937 389 987 tamen
403 927 454 985 hic
469 927 575 986 mallet
589 947 651 985 non
666 927 779 986 dolere.

161 1031 200 1090 95
265 1024 396 1082 XXXII.
420 1010 538 1082 “Haec
557 1028 652 1095 igitur
671 1032 720 1082 est
737 1031 840 1082 nostra
859 1028 946 1095 ratio,
961 1044 1040 1095 quae
1057 1026 1114 1083 tibi

223 1122 344 1180 videtur
364 1125 549 1189 inconstans,
571 1139 641 1177 cum
663 1128 789 1192 propter
809 1122 930 1178 virtutis
949 1121 1114 1179 caelestem

222 1217 375 1288 quandam
399 1225 433 1274 et
456 1215 590 1273 divinam
614 1224 793 1287 tantamque
818 1222 1045 1288 praestantiam,
1070 1224 1116 1289 ut,

223 1315 276 1371 ubi
297 1318 392 1371 virtus
414 1317 454 1370 sit
474 1332 583 1383 resque
605 1332 735 1384 magnae
755 1321 787 1370 et
809 1331 926 1370 summe
947 1311 1115 1371 laudabiles

224 1413 337 1467 virtute
348 1417 464 1481 gestae,
476 1410 519 1466 ibi
530 1427 596 1466 esse
607 1411 729 1466 miseria
739 1415 772 1466 et
782 1427 927 1466 aerumna
937 1429 999 1466 non
1010 1414 1116 1481 possit,

223 1513 328 1562 tamen
356 1504 440 1562 labor
468 1509 572 1576 possit,
594 1509 690 1574 possit
714 1503 863 1575 molestia,
887 1524 950 1562 non
975 1506 1115 1564 dubitem

223 1601 325 1659 dicere
337 1620 442 1659 omnes
453 1605 606 1671 sapientes
617 1619 738 1672 semper
746 1620 812 1658 esse
822 1601 937 1672 beatos,
947 1601 1002 1659 sed
1011 1609 1116 1660 tamen

223 1696 289 1754 fieri
311 1716 398 1767 posse
421 1704 458 1754 ut
479 1701 520 1754 sit
541 1696 618 1753 alius
639 1697 699 1753 alio
722 1696 868 1754 beatior.'’
913 1682 1036 1768 “Atqui
1056 1702 1115 1755 iste

224 1793 307 1850 locus
319 1800 377 1864 est,
390 1792 468 1863 Piso,
479 1793 536 1849 tibi
548 1796 642 1849 etiam
652 1799 745 1863 atque
757 1796 850 1849 etiam
862 1792 1113 1864 confirmanduS,''

223 1893 363 1960 inquam;
385 1874 502 1960 “quem
517 1892 541 1946 si
552 1890 698 1958 tenueris,
707 1907 769 1944 non
780 1888 871 1945 modo
881 1907 984 1946 meum
996 1888 1115 1947 Cicero-

162 1982 202 2050 96
224 2005 296 2042 nem
318 1983 373 2042 sed
395 1989 489 2043 etiam
511 2003 561 2041 me
583 1988 683 2054 ipsum
704 1984 837 2041 abducas
858 1982 993 2042 licebit.'’
1037 1985 1115 2042 Tum

225 2079 375 2152 Quintus:
398 2066 507 2136 “Mihi
521 2079 675 2151 quidem,”
692 2083 802 2150 inquit,
818 2065 919 2138 “satis
935 2079 994 2137 hoc
1009 2081 1116 2139 confir-

225 2184 342 2234 matum
359 2175 490 2246 videtur,
504 2175 661 2246 laetorque
680 2164 765 2232 eam²
784 2174 1016 2248 philosophiam,
1032 2182 1117 2236 cuius

224 2273 317 2323 antea
329 2265 553 2337 supellectilem
566 2264 660 2335 pluris
674 2265 872 2322 aestimabam
888 2284 980 2336 quam
999 2286 1116 2337 posses-

226 2359 325 2412 siones
339 2353 523 2425 reliquarum
537 2341 595 2422 (ita
612 2353 687 2410 mihi
704 2353 789 2411 dives
803 2353 964 2412 videbatur
977 2363 1013 2412 ut
1027 2356 1066 2413 ab
1081 2375 1117 2414 ea

225 2451 332 2515 petere
347 2439 467 2514 possem
484 2442 632 2514 quidquid
651 2447 684 2500 in
702 2442 810 2500 studiis
830 2446 941 2501 nostris
959 2449 1117 2517 concupis·

226 2520 315 2602 sem),
334 2532 414 2590 hanc
433 2536 527 2602 igitur
546 2531 644 2590 laetor
662 2536 756 2590 etiam
775 2536 942 2590 acutiorem
963 2542 1117 2604 repertam

225 2641 317 2692 quam
341 2629 468 2692 ceteras,
493 2621 576 2692 quod
600 2621 723 2692 quidam
752 2624 781 2679 ei
809 2620 916 2679 deesse
942 2619 1115 2680 dicebant.”

227 2698 326 2768 “Non
351 2730 443 2781 quam
467 2718 603 2768 nostram
627 2709 781 2781 quidem,’'
807 2714 908 2782 inquit
934 2709 1117 2782 Pomponius

226 2804 343 2868 iocans;
366 2786 448 2857 “sed
469 2799 644 2856 mehercule
665 2806 808 2870 pergrata
828 2799 904 2856 mihi
925 2789 1004 2857 fuit³
1022 2805 1118 2858 oratio

227 2897 288 2947 tua.
333 2888 420 2960 Quae
441 2893 523 2946 enim
543 2889 603 2945 dici
624 2887 733 2946 Latine
753 2907 840 2960 posse
859 2907 923 2945 non
941 2890 1118 2960 arbitrabar,

258 2983 425 3049 ¹Epicureus
436 2984 524 3041 Mdv.;
541 2986 677 3048 Epicurus
689 2984 719 3043 B,
732 2984 772 3042 E3
790 2986 906 3049 Epimri
915 2985 960 3034 inf.
976 2986 1054 3036 MSS.

261 3051 413 3116 ’laetorque
423 3067 483 3099 eam
495 3051 591 3108 Daris,
606 3050 693 3109 Mdv.;
709 3051 795 3100 laetor
803 3051 913 3115 quidem
923 3050 1004 3102 MSS.

261 3116 336 3182 ³fuit
346 3116 466 3165 inserted
477 3116 513 3180 by
526 3115 600 3165 Mdv.

312 3200 371 3251 500
