2332 3698
458 305 500 362 M.
524 303 652 365 TULLI
675 300 896 362 CICERONIS

309 497 478 556 FINIBUS
502 399 712 555 BONORIIIFlI
736 494 789 552 ET
812 492 1028 552 MALORUM

506 592 632 650 LIBER
654 590 853 662 QUARTUS

195 735 206 785 l
277 726 300 784 1.
325 726 411 798 Quae
435 744 505 784 cum
530 725 667 797 dixisset,
693 725 785 782 finem
811 723 871 781 ille.
916 722 982 793 Ego
1004 727 1123 779 autem:

234 808 308 881 “Ne
323 830 368 893 tu,
384 826 519 894 inquam,
528 822 612 892 Cato,
624 825 683 879 ista
698 823 874 893 exposuisti,
889 825 1003 877 uttam
1017 815 1124 886 multa,

234 922 421 989 memoriter,
446 925 481 975 ut
504 926 567 975 tam
592 918 727 988 obscura,
751 915 893 974 dilucide.
939 913 1048 985 Itaque
1071 918 1124 971 aut

235 1018 410 1072 omittamus
426 1003 532 1072 contra
546 1017 670 1072 omnino
685 1012 764 1070 velle
785 1010 900 1083 aliquid
921 1018 975 1069 aut
993 1012 1124 1081 spatium

234 1130 387 1169 sumamus
416 1109 455 1167 ad
488 1108 704 1180 cogitandum3
739 1115 803 1166 tam
836 1110 918 1165 enim
948 1105 1124 1176 diligenter,

234 1210 354 1265 etiamsi
369 1209 469 1263 miuus
484 1224 555 1263 vere
570 1192 655 1272 (nam
669 1203 806 1262 nondum
826 1203 858 1261 id
880 1202 1005 1275 quidem
1026 1198 1125 1258 audeo

146 1372 148 1376 7
235 1289 361 1372 dicere),
384 1300 439 1359 sed
461 1290 585 1358 tamen·l
607 1286 747 1357 accurate
769 1318 831 1357 non
853 1298 944 1356 modo
965 1296 1125 1355 fundatam

234 1417 340 1456 verum
360 1401 453 1455 etiam
476 1403 662 1454 exstructam
681 1395 873 1468 disciplinam
891 1414 953 1453 non
974 1399 1021 1451 est
1035 1390 1125 1450 facile

234 1491 437 1565 perdiscere.”
492 1491 570 1549 Tum
598 1491 666 1549 ille:
699 1477 786 1549 “Ain
814 1489 983 1549 taudem?”
1009 1491 1126 1561 inquit;

235 1573 331 1645 “cum
346 1606 405 1657 ego
419 1594 452 1644 te
466 1585 524 1644 hac
537 1606 615 1644 nova
629 1586 699 1658 lege
714 1586 834 1646 videam
848 1585 958 1645 eodem
973 1585 1023 1643 die
1037 1603 1126 1641 accu-

236 1687 327 1742 satori
341 1682 526 1756 respoudere
542 1690 574 1741 et
588 1683 685 1742 tribus
699 1683 780 1743 horis
794 1701 946 1755 perorare,
957 1685 989 1740 in
1003 1680 1060 1739 hac
1075 1700 1125 1739 me

236 1800 325 1838 causa
350 1787 472 1852 tempus
495 1778 661 1837 dilaturum
683 1779 789 1852 putas?
820 1799 899 1853 quae
920 1787 1025 1837 tamen
1049 1797 1067 1835 a
1093 1784 1125 1835 te

235 1883 344 1948 agetur
364 1895 428 1934 uon
450 1873 558 1933 melior
577 1896 667 1948 quam
690 1875 760 1934 illae
781 1884 854 1935 sunt
875 1895 949 1949 quas
969 1874 1126 1962 interdum

235 1972 364 2030 obtines.
400 1970 501 2042 Quare
521 1976 610 2030 istam
630 1987 750 2044 quoque
769 1972 949 2044 aggredere,
963 1978 1125 2030 tractatam

235 2071 415 2140 praesertim
438 2075 471 2126 et
493 2067 532 2125 ab
557 2067 623 2125 aliis
646 2075 679 2126 et
701 2087 719 2125 a
742 2075 774 2127 te
797 2072 863 2140 ipso
886 2086 988 2140 saepe,
1009 2074 1045 2125 ut
1067 2066 1125 2125 tibi

196 2170 213 2221 Ξ
236 2164 343 2223 deesse
356 2182 419 2222 uon
433 2167 529 2235 possit
544 2163 670 2223 oratio.”
704 2162 782 2222 Tum
798 2183 871 2235 ego:
894 2149 990 2222 “Non
1004 2161 1125 2221 meher-

234 2259 331 2331 cule,’'
345 2263 479 2331 iuquam,
491 2246 600 2319 “soleo
610 2265 728 2320 temere
740 2268 846 2321 contra
857 2261 984 2332 Stoicos,
993 2280 1056 2319 non
1065 2279 1126 2332 quo

236 2355 295 2414 illis
316 2355 481 2414 admodum
502 2361 659 2429 assentiar,
681 2358 735 2418 sed
757 2358 873 2431 pudore
895 2358 1045 2430 impedior
1052 2375 1060 2426 ;
1082 2361 1126 2416 ita

237 2451 334 2509 multa
359 2450 476 2523 dicunt,
500 2473 577 2524 quae
601 2458 650 2511 vix
674 2453 883 2525 intellegam.”
928 2441 1124 2524 “Obscura,’'

236 2551 345 2619 inquit,
361 2532 538 2618 “quaedam
553 2568 619 2607 esse
634 2529 795 2620 confiteor;
817 2571 874 2610 nec
889 2558 993 2609 tamen
1007 2550 1046 2608 ab
1066 2549 1126 2608 illis

237 2647 281 2701 ita
304 2642 448 2701 dicuntur
469 2643 508 2702 de
528 2645 688 2718 Industria,
706 2646 760 2705 sed
783 2651 864 2706 inest
886 2651 919 2704 in
941 2646 1031 2705 rebus
1053 2649 1127 2718 ipsis

273 2731 335 2781 'sed
344 2737 434 2782 tamen
442 2750 452 2782 .·
464 2733 612 2784 Lambinus
623 2735 793 2802 conjectures
804 2738 853 2787 sed
861 2742 951 2786 tamen
960 2742 1025 2795 tam,
1038 2736 1126 2786 Davis

240 2797 288 2846 sed
297 2802 362 2847 tam.
391 2799 513 2864 Perhaps
530 2801 614 2851 audeo
631 2802 724 2861 dicere,
736 2803 785 2853 sed
794 2803 894 2866 tamen)
906 2819 959 2851 non
971 2803 1058 2861 modo‚·
1069 2802 1125 2852 and

241 2861 356 2913 bracket
367 2869 490 2914 maerore
501 2881 533 2914 as
545 2866 734 2932 interpolated.

272 2968 399 3017 aPassed
418 2967 454 3033 by
474 2969 603 3035 Pompey,
623 2984 655 3036 52
674 2983 741 3032 B.c.,
763 2980 791 3022 to
808 2972 876 3022 limit
897 2973 941 3022 the
962 2974 1126 3041 concludIng

240 3034 371 3097 speeches
389 3033 415 3082 in
432 3035 555 3085 lawsuits
568 3044 596 3085 to
608 3043 663 3086 two
675 3039 758 3087 hours
770 3038 811 3087 sor
822 3039 868 3088 the
886 3039 1058 3103 prosecution
1071 3040 1126 3089 and

240 3100 315 3149 three
327 3098 369 3147 sor
380 3099 425 3148 the
435 3099 556 3162 defense,
569 3099 634 3151 both
647 3109 675 3150 to
687 3101 721 3152 be
729 3103 864 3153 delirared
874 3119 909 3153 on
918 3105 963 3153 the
975 3120 1051 3154 same
1060 3106 1125 3170 day.

320 3181 380 3232 300
