2332 3698
446 215 596 274 CICERO
619 215 677 273 DE
699 215 868 274 FINIBUS

151 342 188 400 73
212 337 434 407 contendimus,
442 345 481 394 ut
492 337 568 395 offici
580 336 696 396 fructus
707 342 747 395 sit
758 341 858 409 ipsum
868 337 1006 394 officium.
1031 336 1102 392 Hoc

211 457 263 515 ille
278 465 349 515 tuus
364 477 425 513 non
441 456 516 527 vult,
531 458 731 528 omnibusque
750 477 787 515 ex
805 459 895 515 rebus
913 456 1103 528 voluptatem

212 581 296 646 quasi
310 558 484 634 mercedem
502 580 606 647 exigit.
647 576 709 634 Sed
723 576 762 634 ad
776 576 862 634 illum
876 576 969 634 redeo
981 597 988 646 ;
1010 580 1034 634 si
1052 596 1104 634 vo-

213 695 338 765 luptatis
353 715 525 753 causacum
541 696 630 753 Gallo
647 696 729 768 apud
743 697 897 754 Anienem
915 697 1104 768 depugnavit

212 816 391 881 provocatus
406 817 439 868 et
454 830 491 868 ex
506 815 570 868 eius
590 811 693 881 spoliis
712 811 769 868 sibi
790 819 822 868 et
841 819 983 882 torquem
1003 819 1035 869 et
1046 795 1115 869 cos
1162 864 1165 870 .

213 942 347 993 gnomen
361 923 462 981 induit
476 924 569 981 ullam
584 924 674 981 aliam
693 924 732 981 ob
752 944 872 982 causam
894 929 952 984 nisi
974 924 1056 996 quod
1076 929 1105 982 ei

213 1037 287 1094 talia
304 1036 385 1094 facta
403 1037 497 1108 digna
516 1041 579 1094 viro
599 1037 790 1108 videbantur,
806 1038 918 1096 fortem
937 1058 999 1095 non
1018 1046 1102 1110 puto.

215 1150 280 1208 Iam
294 1155 319 1209 si
333 1152 440 1222 pudor,
455 1155 480 1209 si
499 1151 658 1221 modestia,
674 1156 699 1209 si
718 1151 875 1224 pudicitia,
890 1156 915 1210 si
934 1172 995 1209 uno
1013 1153 1106 1210 verbo

213 1269 418 1343 temperantia
431 1284 548 1336 poenae
559 1272 612 1322 aut
623 1264 765 1323 infamiae
777 1274 861 1323 metu
874 1266 1106 1338 coercebuntur,

214 1399 276 1436 uon
298 1383 461 1436 sanctitate
484 1399 537 1436 sua
558 1398 590 1436 se
612 1380 791 1449 tuebuntur,
807 1380 888 1450 quod
909 1379 1106 1452 adulterium,

215 1491 297 1563 quod
308 1499 456 1563 stuprum,
466 1512 543 1562 quae
552 1492 646 1549 libido
657 1513 719 1549 non
731 1512 763 1550 se
774 1497 922 1565 proripiet
932 1513 968 1550 ac
979 1497 1108 1564 proiciet

216 1613 269 1662 aut
297 1605 500 1663 occultatione
529 1611 684 1678 proposita
707 1614 761 1664 aut
785 1611 969 1677 impunitate
993 1615 1047 1665 aut
1071 1608 1108 1664 li-

216 1720 339 1778 centia?

155 1839 194 1896 74
258 1820 386 1904 “Quid?
401 1834 657 1906 illud‚T0rquate,
667 1834 757 1905 quale
765 1835 892 1893 tandem
902 1835 1109 1906 videtur,—te

216 1953 274 2006 isto
289 1952 412 2005 nomine
427 1952 551 2020 ingenio
565 1948 671 2020 gloria,
687 1968 764 2030 quae
787 1947 870 2019 facis,
888 1969 966 2020 quae
982 1954 1109 2023 cogitas,

217 2082 294 2133 quae
309 2061 470 2120 contendis
485 2082 544 2132 quo
558 2062 682 2132 referas,
697 2066 781 2120 cuius
796 2067 841 2120 rei
856 2082 944 2120 causa
963 2063 1109 2135 perficere

217 2196 294 2248 quae
317 2179 433 2233 conaris
453 2176 537 2247 velis,
562 2176 635 2247 quid
661 2181 811 2248 optimum
837 2176 970 2248 denique
992 2182 1024 2236 in
1047 2183 1110 2236 vita

217 2290 342 2361 iudices,
357 2309 419 2346 non
433 2291 545 2349 audere
560 2295 592 2348 in
607 2299 760 2348 conventu
775 2291 899 2349 dicere?
929 2291 1012 2363 Quid
1027 2298 1110 2351 enim

217 2407 327 2461 mereri
342 2403 427 2474 velis,
442 2408 502 2461 iam
517 2424 586 2462 cum
601 2409 813 2475 magistratum
825 2409 928 2463 inieris
944 2414 976 2464 et
991 2411 1023 2463 in
1038 2427 1110 2464 con-

218 2521 333 2575 tionem
348 2518 521 2576 ascenderis
536 2506 597 2586 (est
613 2522 695 2576 enim
710 2519 767 2575 tibi
782 2519 967 2577 edicendum
981 2541 1058 2591 quae
1071 2526 1110 2581 sis

218 2632 428 2689 observaturus
440 2636 472 2688 in
483 2636 548 2690 iure
560 2631 700 2702 dicendo,
717 2640 749 2689 et
761 2631 887 2691 fortasse
903 2638 1005 2705 etiam,
1017 2639 1042 2693 si
1053 2637 1110 2694 tibi

219 2749 278 2802 erit
286 2749 392 2816 visum,
403 2745 518 2815 aliquid
527 2745 566 2802 de
577 2746 739 2803 maioribus
750 2751 811 2805 tuis
822 2755 855 2805 et
864 2748 903 2805 de
912 2756 944 2806 te
954 2752 1019 2819 ipso
1028 2749 1112 2809 dices

218 2877 302 2915 more
317 2845 604 2928 maiorum),—quid
619 2864 762 2917 merearis
777 2864 870 2932 igitur
884 2869 920 2918 ut
934 2860 1015 2919 dicas
1030 2870 1063 2920 te
1079 2868 1111 2921 in

221 2991 257 3029 eo
271 2975 449 3042 magistratu
467 2975 569 3028 omnia
583 2971 749 3043 voluptatis
768 2994 856 3032 causa
874 2973 1026 3032 facturum
1044 2995 1111 3035 esse

222 3092 313 3154 teque
324 3083 412 3228 6nihil
435 3082 594 3149 fecissem
614 3088 677 3149 vita
696 3090 753 3148 nisi
774 3087 936 3162 voluptatis
956 3107 1045 3151 causa
1058 3091 1112 3150 ,Ρη

305 3174 316 3229 l
346 3174 363 3230 2
