2332 3698
439 231 590 291 CICERO
612 233 671 290 DE
694 233 862 293 FINIBUS

203 356 256 424 qui
271 374 358 411 suum
373 354 518 412 iudicium
533 360 669 413 retinent
680 377 719 414 ne
731 357 887 427 voluptate
899 361 971 415 victi
982 357 1097 419 faciant

201 461 233 518 id
255 462 336 531 quod
358 466 493 519 sentiant
510 484 571 521 non
589 484 654 521 esse
672 464 855 536 faciendum,
871 469 891 522 ii
906 466 1095 537 voluptatem

201 567 363 621 maximam
392 565 600 636 adipiscuntur
628 567 902 637 praetermittenda
926 568 1093 640 voluptate.

204 663 302 722 Iidem
326 671 417 724 etiam
442 668 577 726 dolorem
601 689 691 740 saepe
711 674 925 741 perpetiuntur
946 690 996 741 ne,
1016 675 1041 728 si
1062 673 1095 729 id

203 786 265 823 non
287 768 410 840 faciant,
425 770 562 828 incidant
584 776 616 828 in
637 776 790 828 maiorem.
835 772 881 828 Ex
898 792 958 842 quo
972 773 1095 831 intelle-

202 873 285 939 gitur
299 891 357 929 nec
372 877 639 945 intemperantiam
650 882 775 945 propter
785 894 817 932 se
830 894 895 932 esse
906 874 1095 946 fugiendam,

203 978 498 1056 temperantiamque
520 977 723 1048 expetendam
747 996 808 1034 non
832 980 902 1047 quia
923 977 1096 1049 voluptates

202 1073 300 1145 fugiat
315 1077 368 1134 sed
383 1082 453 1147 quia
466 1054 593 1136 maiores
609 1086 816 1148 consequatur.

141 1181 180 1240 49
244 1178 307 1236 XV.
333 1165 475 1238 “Eadem
495 1179 681 1238 fortitudinis
700 1185 777 1238 ratio
794 1184 970 1251 reperietur.
1015 1181 1095 1239 Nam

203 1299 303 1350 neque
318 1281 455 1339 laborum
470 1281 642 1354 perfunctio
662 1302 763 1353 neque
782 1286 936 1353 perpessio
956 1282 1095 1342 dolorum

204 1401 306 1452 perse
322 1387 386 1455 ipsa
406 1384 511 1453 allicit,
527 1404 584 1441 nec
605 1389 755 1455 patientia
775 1403 833 1440 nec
855 1383 1014 1441 assiduitas
1035 1405 1095 1444 nec

204 1484 324 1555 vigiliae
339 1504 396 1541 nec
411 1490 474 1557 ipsa
486 1504 563 1555 quae
574 1485 715 1543 laudatur
726 1485 883 1555 industria,
895 1505 935 1542 ne
946 1485 1096 1544 fortitudo

205 1585 340 1655 quidem,
356 1587 410 1644 sed
425 1591 483 1644 ista
497 1591 651 1658 sequimur
664 1595 700 1645 ut
714 1592 779 1644 sine
798 1607 869 1645 cura
886 1594 1032 1658 metuque
1051 1594 1095 1646 vi-

205 1707 310 1745 vamus
324 1693 519 1760 animumque
535 1697 568 1747 et
582 1709 689 1761 corpus
704 1697 853 1761 quantum
868 1689 985 1746 efficere
1000 1695 1095 1760 possi-

203 1809 269 1847 mus
297 1791 436 1849 molestia
464 1792 635 1850 liberemus
692 1790 736 1849 Ut
764 1795 846 1849 enim
874 1795 979 1847 mortis
1008 1799 1095 1849 metu

204 1896 302 1950 omnis
324 1897 446 1964 quietae
468 1899 548 1952 vitae
571 1902 667 1952 status
688 1893 893 1965 perturbatur,
916 1900 949 1949 et
970 1899 1005 1950 ut
1027 1913 1094 1950 suc-

204 1995 346 2052 cumbere
362 1995 514 2053 doloribus
526 2016 637 2066 eosque
649 1995 756 2052 humili
767 1999 868 2051 animo
879 1993 1094 2065 imbecilloque

204 2095 284 2154 ferre
309 2078 453 2155 miserum
479 2093 535 2167 est,
561 2098 600 2154 ob
627 2116 754 2166 eamque
780 2096 972 2154 debilitatem
1000 2101 1094 2155 animi

203 2197 292 2256 multi
327 2206 480 2270 parenteS,
509 2199 599 2256 multi
634 2201 755 2267 amicos,
784 2196 923 2254 nonnulli
954 2202 1093 2269 patriam,

117 2279 123 2287 l
203 2299 341 2370 plerique
366 2308 470 2357 autem
499 2321 531 2358 se
560 2305 639 2371 ipsos
667 2303 790 2370 penitus
816 2298 1025 2370 perdiderunt,
1051 2304 1094 2358 sic

204 2401 344 2460 robustus
359 2407 476 2459 animus
494 2410 527 2459 et
547 2402 684 2459 excelsus
704 2405 787 2458 omni
807 2409 854 2458 est
873 2400 951 2458 liber
971 2420 1041 2457 cura
1061 2409 1095 2459 et

204 2523 327 2573 angore,
343 2524 411 2561 cum
434 2511 466 2561 et
488 2511 617 2560 mortem
640 2507 819 2572 contemnit,
840 2522 899 2572 qua
920 2506 972 2572 qui
993 2501 1095 2560 affecti

204 2613 276 2663 sunt
290 2610 322 2662 in
338 2605 446 2663 eadem
461 2625 549 2661 causa
563 2612 635 2663 sunt
652 2624 711 2675 qua
730 2611 894 2674 antequam
913 2608 988 2672 nati,
1003 2611 1036 2661 et
1055 2606 1095 2662 ad

206 2706 324 2764 dolores
339 2711 382 2763 ita
396 2713 518 2777 paratus
534 2713 581 2763 est
595 2713 630 2762 ut
644 2709 819 2763 meminerit
832 2709 978 2762 maximos
995 2715 1095 2764 morte

205 2807 293 2878 liniri,
308 2828 415 2879 parvos
433 2807 529 2863 multa
548 2806 661 2864 habere
682 2806 841 2864 intervalla
860 2810 1014 2876 requietis,
1030 2827 1095 2866 me-

205 2909 352 2966 diocrium
377 2928 432 2966 nos
458 2928 523 2966 esse
549 2908 697 2979 dominoS,
722 2916 757 2966 ut
782 2912 806 2966 si
830 2906 1003 2966 tolerabiles
1032 2913 1095 2967 sint

204 3011 347 3081 feramuS,
361 3015 386 3069 si
400 3014 509 3081 minus,
525 3015 625 3068 animo
645 3030 742 3080 aequo
762 3030 779 3067 e
799 3015 870 3079 vita,
886 3028 955 3066 cum
976 3029 1011 3066 ea
1031 3031 1094 3067 non

204 3112 333 3184 placeat,
348 3120 502 3183 tamquam
517 3132 534 3170 e
550 3113 670 3171 theatro
686 3130 835 3169 exeamus
874 3110 992 3182 Quibus
1003 3114 1094 3171 rebus

288 3202 326 3254 52
