2332 3698
459 230 610 289 CICERO
632 229 691 288 DE
711 229 881 288 FINIBUS

163 361 204 418 90
266 354 364 412 XXX
381 341 469 412 “sed
479 358 569 410 venio
579 352 619 409 ad
629 355 853 409 inconstantiae
863 354 993 420 crimen,
1003 369 1045 407 ne
1055 368 1116 407 sae-

224 486 293 553 pius
306 482 389 539 dicas
402 500 453 538 me
466 481 621 548 aberrare3
643 499 734 550 quam
748 485 782 535 tu
796 481 885 549 ponis
895 481 929 533 in
939 478 1052 549 verbis,
1062 495 1117 546 ego

225 612 355 680 positam
365 612 398 665 in
408 627 442 665 re
453 607 606 679 putabam
626 606 659 665 Si
667 610 740 664 satis
749 610 809 662 erit
816 604 875 662 hoc
883 613 1076 676 perceptum,
1087 607 1116 660 in

225 755 285 806 quo
299 735 454 794 adiutores
468 734 586 793 Stoicos
602 737 734 806 optimos
750 732 908 803 habemus,
923 739 1046 790 tantam
1059 735 1117 788 vim

225 881 291 920 esse
305 866 426 920 virtutis
440 870 477 919 ut
490 866 592 920 omnia
606 865 631 918 si
645 880 684 918 ex
698 859 795 918 altera
808 866 896 931 parte
910 867 1067 930 ponantur
1079 877 1118 914 ne

226 997 394 1062 appareant
417 989 552 1061 quidem,
574 1009 644 1047 cum
669 992 771 1046 omnia
793 1007 871 1058 quae
892 985 938 1043 illi
960 986 1118 1044 commoda

226 1124 310 1174 certe
330 1117 439 1174 dicunt
457 1136 523 1174 esse
543 1124 577 1174 et
596 1115 744 1173 sumenda
763 1122 796 1173 et
815 1113 960 1185 eligenda
978 1121 1013 1171 et
1034 1133 1120 1185 prae-

227 1248 325 1316 posita
339 1231 430 1315 (quae
445 1248 489 1301 ita
502 1243 654 1301 definiunt
667 1251 704 1302 ut
718 1247 791 1300 satis
805 1260 917 1312 magno
930 1240 1120 1299 aestimanda

227 1359 314 1441 sint),
332 1370 408 1429 haec
427 1375 522 1441 igitur
540 1390 611 1427 cum
631 1389 689 1441 ego
708 1377 757 1427 tot
775 1370 949 1426 nominibus
970 1389 989 1425 a
1011 1369 1120 1427 Stoicis

226 1497 389 1568 appellata,
404 1501 515 1568 partim
530 1500 615 1554 novis
630 1504 663 1555 et
676 1499 897 1553 commenticiis
910 1502 946 1552 ut
960 1498 1020 1552 ista
1035 1479 1045 1506 ‘
1053 1513 1120 1566 pro·

227 1622 337 1680 ducta'
368 1630 401 1680 et
430 1609 594 1694 ‘reducta'
625 1627 737 1695 partim
765 1621 849 1680 idem
879 1621 1120 1692 significantibus

227 1736 315 1820 (quid
330 1753 413 1806 enim
426 1753 566 1820 interest,
578 1758 704 1821 expetas
718 1769 758 1806 an
772 1748 886 1819 eligas?
908 1748 984 1805 mihi
995 1749 1119 1820 quidem

228 1881 322 1934 etiam
337 1876 450 1934 lautius
469 1876 591 1935 videtur
610 1877 691 1949 quod
711 1876 835 1947 eligitur
854 1883 887 1934 et
906 1876 946 1933 ad
965 1876 1047 1948 quod
1067 1876 1120 1933 de·

227 2003 326 2062 lectus
350 1992 537 2075 adhibetur),
563 2005 628 2075 sed,
654 2024 724 2062 cum
749 2023 808 2076 ego
832 2008 892 2062 ista
915 2008 1018 2061 omnia
1042 2004 1120 2061 bona

229 2129 344 2201 dixero,
358 2137 481 2188 tantum
495 2132 591 2189 refert
606 2150 697 2203 quam
711 2151 822 2202 magna
841 2131 956 2198 dicam;
979 2151 1050 2188 cum
1069 2151 1120 2189 ex-

228 2256 372 2328 petenda,
395 2277 487 2328 quam
511 2258 609 2316 valde.
654 2258 709 2317 Sin
733 2265 838 2316 autem
862 2277 920 2315 nec
946 2257 1121 2329 expetenda

229 2402 288 2455 ego
308 2388 405 2455 magis
426 2405 517 2456 quam
536 2393 572 2444 tu
591 2385 744 2457 eligenda,
764 2405 822 2444 nec
841 2385 894 2442 illa
913 2385 1009 2457 pluris
1030 2389 1120 2444 aesti-

228 2505 341 2563 manda
354 2525 413 2577 ego
427 2512 480 2578 qui
494 2509 583 2580 bona,
594 2527 686 2578 quam
700 2515 735 2566 tu
750 2512 802 2579 qui
816 2507 966 2580 producta
975 2507 1120 2579 appellas,

230 2631 330 2683 omnia
345 2631 404 2685 ista
418 2648 543 2687 necesse
559 2636 607 2686 est
621 2630 774 2686 obscurari
792 2649 851 2686 nec
870 2646 1017 2700 apparere
1037 2635 1071 2686 ct
1089 2632 1121 2685 in

168 2751 204 2812 91
230 2750 351 2805 virtutis
365 2755 521 2820 tamquam
535 2754 567 2807 in
582 2749 652 2808 solis
667 2749 766 2808 radios
780 2754 942 2808 incurrere.
980 2749 1026 2805 At
1040 2752 1121 2806 enim

230 2888 291 2940 qua
304 2873 337 2926 in
352 2874 414 2927 vita
428 2877 477 2928 est
489 2870 605 2942 aliquid
615 2871 697 2941 mali,
709 2891 746 2928 ea
756 2873 846 2929 beata
857 2889 924 2928 esse
935 2889 998 2926 non
1009 2875 1112 2941 potest

231 2990 279 3049 Ne
294 3010 382 3062 seges
397 2991 521 3064 quidem
541 2995 634 3064 igitur
654 2995 743 3065 spicis
763 2994 907 3051 uberibus
922 2998 956 3050 et
969 2992 1083 3049 crebris
1096 2993 1121 3048 si

231 3129 358 3168 avenam
372 3117 490 3184 uspiam
505 3112 626 3184 videris,
642 3133 701 3171 nec
715 3121 887 3171 mercatura
900 3118 1082 3183 quaestuosa
1096 3113 1121 3168 si

313 3199 402 3278 494·
