2332 3698
397 246 548 308 CICERO
571 242 628 306 DE
651 242 820 307 FlNlBUS

160 371 313 443 expediat,
331 371 407 428 nihil
431 371 564 441 denique
588 375 646 428 nisi
669 378 722 427 tua
745 389 855 438 causa3
878 387 969 439 quem
993 365 1054 425 cla-

159 500 275 537 morem
295 483 443 536 contionis
458 487 511 537 aut
526 499 617 550 quam
632 497 717 549 spem
733 477 906 536 consulatus
922 481 986 534 eius
1001 481 1054 547 qui
1109 507 1111 517 ,

160 588 218 644 tibi
226 591 430 659 paratissimus
440 595 487 645 est
496 586 630 645 futuram
638 594 728 658 putas
739 587 750 642 ?
776 585 893 643 Eamne
904 588 1054 642 rationem

113 764 115 768 Α
160 698 254 765 igitur
268 682 408 765 sequerel
418 715 477 765 qua
488 703 592 752 tecum
602 698 666 764 ipse
679 701 712 751 et
724 713 792 751 cum
804 697 865 750 tuis
875 700 972 762 utare,
984 711 1053 764 pro·

161 802 239 860 fiteri
257 811 290 860 et
306 808 338 860 in
355 803 491 861 medium
510 802 646 875 proferre
666 821 728 858 non
746 802 879 859 audeas?
922 801 966 858 At
980 820 1053 858 vero

160 912 213 968 illa
226 932 303 982 quae
320 913 523 984 Peripatetici,
535 931 612 982 quae
624 911 718 969 Stoici
733 910 850 980 dicunt,
865 929 985 980 semper
995 911 1052 967 tibi

161 1024 193 1076 in
207 1040 259 1077 ore
278 1029 350 1078 sunt
368 1025 400 1077 in
420 1020 547 1089 iudiciis
567 1024 600 1075 in
620 1026 736 1076 senatu.
782 1019 931 1088 Officium,
949 1023 1052 1088 aequi*

160 1135 268 1198 tatem,
283 1129 477 1200 dignitatem,
492 1127 595 1197 fidem,
610 1135 704 1196 recta,
720 1126 859 1197 honesta,
881 1126 974 1196 digna
995 1131 1052 1184 im-

160 1241 254 1308 perio,
269 1235 362 1308 digna
376 1236 488 1308 populo
504 1236 649 1306 Romano,
672 1239 773 1292 omnia
794 1234 928 1306 pericula
941 1254 997 1306 pro
1018 1255 1052 1292 re

160 1344 290 1416 publica,
313 1349 389 1401 mori
414 1364 468 1415 pro
491 1343 717 1415 patria—haec
741 1364 811 1400 cum
834 1343 974 1413 loqueris,
997 1363 1052 1401 nos

80 1488 83 1493 -
160 1453 288 1509 barones
316 1459 482 1523 stupemuS,
508 1460 542 1509 tu
573 1452 717 1510 videlicet
742 1460 845 1509 tecum
870 1455 935 1522 ipse
960 1451 1049 1508 rides

101 1564 138 1622 77
162 1560 241 1617 Nam
255 1563 336 1616 inter
350 1564 408 1616 ista
418 1567 482 1617 tam
492 1560 652 1630 magnifica
663 1560 754 1617 verba
764 1567 889 1630 tamque
900 1559 1053 1631 praeclara

161 1688 223 1726 non
234 1667 328 1725 habet
339 1668 435 1725 ullum
446 1668 584 1741 voluptas
596 1669 705 1739 locum,
718 1673 779 1725 non
794 1656 884 1725 modo
899 1658 1053 1746 illaquam

161 1781 193 1833 in
217 1784 303 1834 motu
328 1796 394 1834 esse
419 1777 646 1848 dicitis,quam
669 1795 775 1834 omnes
797 1777 914 1846 urbani,
938 1781 1052 1847 rustici,

161 1903 276 1953 omnes,
299 1889 432 1955 inquam,
456 1889 508 1955 qui
532 1885 642 1942 Latine
665 1885 839 1954 loquuntur,
863 1884 1053 1955 voluptatem
1089 1899 1099 1926 0

162 2000 281 2061 vocant,
299 1992 354 2050 s'ed
371 2012 410 2048 ne
430 1991 506 2049 haec
525 1992 650 2063 quidem
667 1991 794 2062 stabilia,
814 2011 905 2062 quam
930 2001 1052 2064 praeter

161 2121 213 2158 vos
227 2120 318 2158 nemo
332 2100 467 2171 appellat
486 2100 683 2172 voluptatem.
729 2098 840 2156 XXIV.
865 2100 944 2158 Vide
959 2104 1053 2170 igitur

161 2222 201 2260 ne
209 2222 272 2259 non
283 2202 394 2259 debeas
403 2203 502 2259 verbis
510 2207 620 2260 nostris
629 2206 684 2272 uti,
696 2205 857 2258 sententiis
868 2206 936 2258 tuis.
961 2200 1052 2272 Quod

161 2308 186 2361 si
200 2302 318 2359 vultum
332 2302 399 2371 tibi,
414 2306 439 2358 si
453 2306 603 2360 incessum
618 2302 748 2373 fingeres
762 2321 822 2372 quo
836 2307 955 2372 gravior
969 2303 1052 2360 vide·

161 2423 238 2474 rere,
250 2423 312 2460 non
324 2422 404 2460 esses
415 2408 461 2461 tui
472 2404 576 2462 similis
588 2423 595 2473 ;
610 2405 702 2462 verba
713 2412 747 2462 tu
759 2403 864 2474 fingas,
876 2413 909 2462 et
924 2424 959 2462 ea
970 2404 1053 2463 dicas

161 2525 238 2576 quae
259 2525 322 2562 non
344 2507 479 2563 sentias?
500 2514 553 2564 aut
575 2510 678 2576 etiam,
693 2513 729 2563 ut
749 2511 904 2576 vestitum,
919 2511 962 2564 sic
983 2526 1052 2564 sen·

160 2611 292 2665 tentiam
310 2606 422 2665 habeas
442 2608 531 2665 aliam
551 2608 759 2677 domesticam,
779 2608 868 2665 aliam
889 2608 1051 2679 forensem,

160 2704 244 2766 utin
262 2707 363 2767 fronte
381 2713 547 2766 ostentatio
568 2713 617 2780 sit,
632 2713 715 2766 intus
729 2713 840 2768 veritas
858 2710 1054 2768 occultetur?
1078 2784 1080 2788 ι

163 2809 250 2881 Vide,
264 2829 386 2881 quaeso,
400 2817 559 2868 rectumne
575 2815 622 2868 sit.
661 2810 739 2867 Mihi
754 2810 878 2881 quidem
894 2831 947 2868 eae
962 2831 1052 2870 verae

162 2911 305 2969 videntur
324 2915 482 2983 opiniones
505 2931 582 2982 quae
602 2911 760 2982 honestae,
778 2931 855 2982 quae
874 2913 1052 2997 laudabiles,

164 3033 242 3084 quae
256 3013 415 3084 gloriosae,
430 3031 508 3082 quae
523 3017 555 3069 in
570 3021 689 3083 senatu,
704 3033 782 3084 quae
799 3014 881 3085 apud
895 3014 1052 3086 populum,

353 3119 480 3185 ²sequere
491 3122 528 3180 A;
542 3129 612 3172 most
625 3121 703 3172 MSS.
717 3138 836 3185 sequare.

249 3198 307 3258 166
