2332 3698
403 239 554 298 CICERO
577 238 634 295 DE
657 237 826 296 FINIBUS

166 364 198 421 id
213 368 312 434 ipsum
332 361 457 432 quidem
479 360 623 431 expedire
644 365 771 431 possunt
792 357 874 429 quod
895 357 1057 416 disserunt.

168 466 329 522 Praeterea
344 463 462 520 sublata
476 466 650 532 cognitione
665 468 698 518 et
712 464 839 517 scientia
857 459 976 517 tollitur
995 480 1059 518 om·

166 571 213 624 nis
233 569 310 622 ratio
332 572 364 622 et
385 569 464 622 vitae
488 563 647 635 degendae
670 570 703 620 et
725 582 826 619 rerum
844 561 1057 632 gerendarum.

167 668 216 726 Sic
242 687 259 725 e
285 666 416 738 physicis
442 674 474 723 et
499 665 647 723 fortitudo
672 668 800 722 sumitur
825 671 931 721 contra
953 650 1059 723 mortis

167 775 307 828 timorem
331 776 363 827 et
386 772 555 826 constantia
578 774 683 824 contra
706 773 822 824 metum
846 766 1000 837 religionis
1026 773 1060 824 et

167 872 284 930 sedatio
297 875 400 941 animi,
412 875 547 928 omnium
558 889 660 927 rerum
671 869 857 926 occultarum
867 872 1058 938 ignoratione

168 973 296 1045 sublata,
319 980 352 1030 et
377 972 554 1042 moderatio,
578 979 686 1028 natura
709 970 912 1042 cupiditatum
936 973 1058 1040 generi-

167 1077 283 1147 busque
303 1095 406 1133 earum
426 1074 592 1145 explicatis,
608 1081 650 1144 et,
670 1080 706 1130 ut
725 1073 816 1130 modo
835 1073 933 1142 docui,
954 1076 1058 1142 cogni-

167 1182 257 1236 tionis
272 1176 378 1248 regula
392 1184 425 1234 et
439 1176 550 1234 iudicio
564 1176 603 1233 ab
618 1175 727 1233 eodem
740 1174 794 1231 illo
813 1178 979 1231 constituto
994 1177 1058 1231 veri

165 1301 183 1338 a
197 1279 273 1337 falso
286 1280 442 1337 distinctio
456 1278 594 1335 traditur.

104 1381 143 1441 65
207 1380 274 1437 XX.
299 1365 435 1437 “Restat
454 1379 538 1436 locus
559 1378 630 1435 huic
652 1378 849 1449 disputationi
863 1376 911 1434 vel
926 1380 1058 1435 maxime

166 1485 362 1551 necessariuS,
377 1480 417 1538 de
436 1484 578 1551 amicitia,
593 1500 684 1551 quarn
703 1485 727 1537 si
747 1480 884 1550 voluptas
905 1499 1058 1536 summum

167 1588 207 1643 sit
231 1582 344 1639 bonum
367 1582 520 1639 affirmatis
545 1581 661 1638 nullam
684 1584 807 1637 omnino
830 1580 910 1649 fore3
938 1580 977 1638 de
997 1600 1058 1650 qua

168 1685 314 1757 Epicurus
336 1683 459 1754 quidem
481 1688 524 1741 ita
545 1683 629 1754 dicit,
650 1688 784 1740 omnium
804 1702 905 1740 rerum
925 1702 999 1753 quas
1014 1682 1058 1740 'ad

167 1788 257 1845 beate
280 1785 443 1843 vivendum
466 1790 615 1857 sapientia
643 1789 860 1855 comparaverit
888 1784 964 1841 nihil
991 1803 1058 1843 esse

167 1893 263 1946 maius
283 1891 424 1958 amicitia,
440 1887 516 1944 nihil
536 1889 667 1956 uberius,
688 1886 765 1943 nihil
785 1886 952 1944 iucundius.
990 1887 1058 1947 Nec

167 2009 238 2047 vero
263 1989 320 2046 hoc
347 1993 482 2046 oratione
508 1989 605 2045 solum
629 1988 684 2045 sed
703 1987 800 2045 multo
824 1992 920 2058 magis
940 1992 1002 2047 vita
1025 1998 1059 2049 et

163 2091 256 2149 'factis
272 2098 304 2148 et
318 2090 451 2147 moribus
463 2091 676 2161 comprobavit.
708 2089 800 2160 Quod
810 2110 901 2160 quam
911 2075 1058 2162 magnum

167 2197 207 2250 sit
227 2192 315 2250 fictae
330 2199 469 2249 veterum
488 2190 609 2249 fabulae
629 2190 795 2262 declarant,
815 2192 974 2262 inquibus
993 2200 1057 2251 tam

167 2295 270 2352 multis
285 2301 409 2363 tamque
424 2298 521 2364 variis
536 2295 574 2350 ab
588 2295 696 2350 ultima
710 2297 893 2364 antiquitate
907 2299 1057 2366 repetitis,

166 2400 225 2453 tria
239 2399 288 2452 vix
302 2398 467 2451 amicorum
481 2399 563 2465 paria
577 2399 779 2466 reperiuntur,
801 2403 836 2452 ut
855 2396 895 2454 ad
915 2396 1059 2454 Orestem

166 2500 323 2568 pervenias
338 2494 492 2567 profectus
505 2516 523 2552 a
537 2495 664 2553 Theseo.
696 2497 739 2554 At
749 2517 821 2555 vero
836 2497 983 2569 Epicurus
997 2518 1059 2556 una

167 2604 198 2655 in
213 2598 313 2668 domo,
329 2604 361 2654 et
376 2617 412 2655 ea
427 2597 551 2667 quidem
564 2605 703 2668 angusta,
718 2619 808 2669 quam
822 2619 948 2670 magnos
963 2620 1058 2669 quan-

166 2707 259 2771 taque
272 2703 382 2756 amoris
397 2703 618 2770 conspiratione
634 2705 860 2758 consentientes
872 2705 973 2758 tenuit
983 2705 1057 2759 ami-

167 2821 271 2859 corum
295 2801 419 2872 greges!
442 2801 524 2871 quod
548 2801 583 2860 fit
608 2806 700 2860 etiam
722 2822 804 2859 nunc
829 2804 867 2859 ab
891 2802 1055 2873 Epicureis.

167 2903 230 2963 Sed
248 2903 288 2961 ad
308 2923 374 2960 rem
395 2903 569 2972 redeamus;
591 2905 630 2963 de
650 2903 822 2962 hominibus
842 2905 903 2961 dici
921 2925 982 2961 non
1002 2925 1057 2964 ne-

107 3003 146 3063 66
169 3024 253 3064 cesse
274 3012 329 3063 est.
374 3003 483 3062 Tribus
503 3010 597 3076 igitur
616 3005 713 3062 modis
728 3005 817 3062 video
837 3025 903 3062 esse
917 3025 935 3061 a
949 3013 1060 3068 nostris

167 3106 207 3165 de
233 3111 366 3165 amicitia
388 3107 584 3180 disputatum.
629 3106 701 3177 Alii,
722 3126 791 3163 cum
815 3125 865 3164 eas
888 3107 1060 3179 voluptates

250 3188 288 3250 68
