2332 3698
462 244 613 304 CICERO
637 244 694 302 DE
717 243 886 303 FINIBUS

227 372 362 439 quamvis
381 367 514 426 multum
534 370 725 437 processeris,
739 374 845 424 tamen
863 366 940 424 illud
959 370 992 422 in
1009 365 1118 423 eadem

227 484 316 522 causa
335 471 383 521 est
401 484 419 520 a
439 483 499 534 quo
518 464 624 521 abesse
644 462 729 533 velis,
750 463 848 520 donec
869 466 1006 519 evaseris.
1052 461 1118 519 Nec

228 564 310 617 enim
325 559 377 616 ille
392 563 522 630 respirat
535 566 701 630 antequam
716 563 850 629 emersit,
866 567 898 616 et
913 558 1006 616 catuli
1020 576 1118 628 aeque

227 659 310 712 caeci
324 659 498 726 priusquam
512 655 713 725 dispexerunt
727 675 761 712 ac
777 658 801 712 si
820 659 863 712 ita
883 654 978 711 futuri
998 673 1119 725 semper

226 758 337 808 essent.
383 750 439 807 llla
461 758 532 808 sunt
560 749 683 807 similia:
704 749 800 807 hebes
819 755 898 807 acies
920 757 968 807 est
987 753 1119 820 cuipiam

228 847 392 917 oculorum,
408 865 533 917 corpore
547 845 624 903 alius
638 835 842 916 languescit¹;
853 845 885 902 hi
897 849 1054 903 curatione
1065 845 1118 902 ad-

227 941 325 1000 hibita
338 943 479 1000 levantur
493 946 525 998 in
540 942 605 999 dies
613 961 621 1009 ;
642 941 724 999 valet
738 941 817 999 alter
826 941 895 1012 plus
906 941 1029 1011 cotidie,
1040 940 1120 998 alter

227 1038 328 1107 videt;
349 1037 396 1095 his
418 1037 531 1095 similes
552 1044 625 1094 sunt
646 1056 752 1094 omnes
774 1041 826 1109 qui
847 1041 953 1094 virtuti
975 1036 1119 1104 student;

227 1132 367 1190 levantur
381 1137 472 1203 vitiis,
483 1132 624 1190 levantur
638 1133 796 1190 erroribus.
842 1133 909 1190 Nisi
920 1132 1000 1189 forte
1012 1152 1119 1190 censes

227 1228 271 1286 Ti.
295 1228 467 1286 Gracchum
486 1235 605 1300 patrem
625 1217 706 1285 n0n²
725 1229 894 1286 beatiorem
914 1228 1008 1285 fuisse
1028 1247 1120 1299 quam

228 1324 332 1395 filium,
348 1345 417 1382 cum
438 1325 517 1382 alter
538 1324 672 1382 stabilire
695 1344 760 1381 rem
781 1325 936 1396 publicam
956 1324 1120 1395 studuerit,

227 1420 306 1478 alter
327 1427 474 1478 evertere.
520 1421 586 1477 Nec
608 1427 712 1476 tamen
733 1419 786 1477 ille
808 1427 874 1477 erat
895 1423 1031 1490 sapiens3
1053 1425 1120 1491 quis

228 1521 310 1581 enim
334 1515 410 1572 hoc?
438 1523 492 1572 aut
514 1515 654 1586 quando?
681 1523 736 1573 aut
758 1517 829 1573 ubi?
856 1523 910 1573 aut
933 1516 1035 1573 unde?
1065 1517 1121 1574 sed

228 1615 298 1682 quia
317 1611 462 1668 studebat
481 1610 563 1667 laudi
583 1618 616 1667 et
635 1610 789 1681 dignitati,
804 1611 936 1669 multum
955 1615 988 1668 in
1005 1615 1120 1670 virtute

165 1704 205 1765 66
227 1715 423 1778 processerat.
468 1694 598 1764 Confer³
618 1726 708 1763 avum
729 1714 817 1764 tuum
839 1706 972 1763 Drusum
994 1727 1064 1764 cum
1086 1707 1117 1765 C.

228 1803 376 1874 Graccho,
391 1807 456 1861 eius
477 1802 542 1860 fere
563 1802 689 1873 aequali.
735 1802 822 1874 Quae
843 1802 893 1859 hic
914 1806 959 1860 rei
978 1803 1118 1874 publicae

227 1901 352 1959 vulnera
366 1900 553 1971 imponebat,
568 1899 676 1956 eadem
691 1899 742 1956 ille
758 1900 891 1956 sanabat.
936 1898 968 1958 Si
982 1899 1060 1957 nihil
1072 1908 1119 1958 est

228 1997 309 2069 quod
324 2005 387 2054 tam
402 2001 526 2054 miseros
541 1994 633 2052 faciat
646 2015 737 2066 quam
751 1999 892 2067 impietas
910 2003 943 2053 et
960 1995 1069 2066 scelus,
1084 2004 1119 2054 ut

226 2097 286 2150 iam
314 2112 419 2150 omnes
444 2095 623 2162 insipientes
649 2095 710 2149 sint
735 2096 848 2162 miseri,
873 2091 955 2162 quod
979 2091 1118 2163 profecto

226 2195 307 2258 sunt,
319 2208 381 2245 non
396 2195 444 2246 est
458 2195 562 2244 tamen
576 2206 673 2257 aeque
688 2191 779 2244 miser
793 2192 845 2257 qui
859 2191 975 2258 patriae
987 2187 1119 2246 consulit

226 2291 259 2341 et
272 2288 297 2340 is
312 2287 364 2353 qui
384 2282 468 2339 illam
483 2287 666 2340 exstinctam
686 2287 779 2354 cupit.
825 2283 951 2340 Levatio
966 2287 1061 2353 igitur
1075 2288 1117 2341 vi·

225 2383 337 2436 tiorum
351 2397 462 2448 magna
476 2377 511 2434 fit
524 2367 575 2433 in⁴
588 2381 625 2435 iis
640 2383 692 2449 qui
706 2377 822 2436 habent
835 2378 875 2435 ad
889 2383 1035 2437 virtutem
1049 2399 1117 2451 pro·

164 2471 202 2536 67
224 2477 386 2546 gressionis
401 2473 598 2544 aliquantum.
642 2474 744 2531 Vestri
757 2482 861 2532 autem
875 2478 1118 2546 progressionem

225 2572 264 2629 ad
290 2573 435 2627 virtutem
460 2569 524 2626 fieri
552 2573 648 2640 aiunt,
674 2569 858 2627 levationem
883 2574 1024 2627 vitiorum
1052 2569 1117 2629 fieri

225 2672 349 2735 negant.
394 2664 438 2722 At
453 2684 513 2736 quo
532 2671 658 2722 utantur
677 2652 816 2723 homines
835 2669 916 2723 acuti
935 2673 1117 2736 argumento

226 2761 265 2818 ad
293 2761 482 2832 probandum
518 2780 628 2831 operae
663 2765 796 2833 pretium
833 2768 880 2818 est
915 2761 1114 2821 considerare.

260 2863 425 2927 'languescit
435 2863 480 2911 inf.
496 2861 588 2920 MSS.;
601 2864 685 2912 nescit
697 2863 718 2911 B
732 2863 754 2911 E
766 2881 772 2921 ;
784 2864 896 2912 senescit
907 2863 981 2913 Mdv.

260 2927 330 2976 ²non
342 2928 462 2977 inserted
473 2927 510 2991 by
522 2928 582 2976 edd.

259 2990 440 3058 ’Conferlam]
453 2993 564 3050 uellem
578 2992 718 3057 Confhram
732 2994 752 3042 Β
766 2994 805 3050 E;
820 2993 959 3058 Conferam
969 3000 1059 3044 autem
1069 2995 1114 3044 ins.

229 3058 321 3116 MSS.;
335 3057 475 3122 Conferam
487 3057 599 3123 [autem]
611 3095 617 3106 .
632 3094 639 3107 .
653 3094 659 3106 .
675 3060 806 3122 aequali?
818 3059 892 3110 Mdv.

260 3122 308 3172 ‘in
321 3124 352 3182 E,
366 3140 420 3172 om.
435 3125 456 3173 B
468 3124 523 3174 and
534 3124 613 3173 other
624 3123 702 3176 MSS.

310 3205 369 3263 372
