2332 3698
402 230 551 289 CICERO
574 229 631 286 DE
654 229 822 288 FlNlBUS

167 369 258 420 quam
280 371 298 407 a
321 351 427 409 Stasea
455 350 643 409 dicebantur.
688 349 881 421 Quamquam
909 368 969 420 ego
998 363 1060 407 non

167 453 279 504 quaero
290 434 364 504 quid
374 435 431 491 tibi
442 455 460 490 a
470 453 520 491 me
534 435 695 505 probatum
710 437 760 504 sit,
771 434 826 491 sed
836 433 908 490 huic
920 435 1059 491 Ciceroni

167 524 280 587 nostro,
294 538 386 588 quern
400 517 581 589 discipulum
596 521 685 588 cupio
698 538 716 574 a
730 525 763 575 te
777 517 959 580 abducere’f

106 597 145 662 76
209 600 320 656 XXVI.
344 601 422 657 Tum
446 601 571 658 Lucius:
593 587 698 657 “Mihi
717 621 789 658 vero
808 605 866 658 ista
886 601 975 658 valde
991 621 1058 672 pro-

167 684 238 740 bata
253 691 334 755 sunt,
349 685 430 755 quod
445 689 521 741 item
535 684 621 741 fratri
635 684 740 756 puto.'’
784 684 862 741 Tum
877 684 954 740 mihi
975 685 1058 741 Piso:

169 753 277 836 “Quid
298 768 413 838 ergo?’'
435 772 550 838 inquit;
573 754 692 825 “dasne
709 768 900 825 adulescenti
918 769 1058 824 veniam?

168 870 206 906 an
227 870 298 908 eum
317 850 433 909 discere
454 871 490 908 ea
510 855 604 908 mavis
625 871 703 922 quae
724 871 793 908 cum
812 851 903 922 plane
923 851 1058 923 perdidi-

168 939 245 991 cerit
262 934 337 1004 nihil
356 935 475 992 sciat?”
520 921 612 1003 “Ego
629 954 701 992 vero
717 935 797 1005 isti,''
814 939 948 1006 inquam,
964 921 983 948 “
990 955 1058 1006 per·

167 1022 273 1087 mitto;
294 1018 348 1074 sed
363 1038 466 1075 nonne
480 1022 646 1075 meministi
661 1018 752 1075 licere
767 1018 842 1075 mihi
857 1023 915 1075 ista
929 1020 1057 1090 probare

167 1121 245 1171 quae
260 1109 331 1159 sunt
345 1121 363 1157 a
377 1109 410 1159 te
421 1102 521 1158 dicta?
556 1100 633 1171 Quis
644 1105 727 1158 enim
737 1109 840 1172 potest
852 1122 888 1159 ea
898 1121 976 1173 quae
989 1122 1057 1173 pro-

167 1184 279 1241 babilia
299 1185 461 1242 videantur
482 1172 528 1242 eil
549 1204 611 1241 non
634 1186 805 1256 probare?''
851 1171 927 1242 “An
954 1186 1055 1256 ver0,”

167 1272 276 1338 inquit,
292 1253 475 1339 “quisquam
496 1275 598 1339 potest
619 1269 746 1340 probare
765 1268 847 1339 quod
865 1277 1057 1340 perceptum,

167 1352 248 1446 quod
270 1351 533 1422 comprehensum,
553 1352 634 1422 quod
656 1356 812 1422 cognitum
832 1371 895 1408 non
916 1351 1055 1410 habet?''

169 1421 265 1491 ‘Non
290 1442 338 1492 est
363 1435 450 1505 ista,'’
476 1440 611 1506 inquam,
632 1421 737 1506 “Piso,
762 1455 873 1506 magna
898 1437 1054 1494 dissensio.

168 1516 253 1573 Nihil
268 1525 315 1574 est
333 1523 414 1574 enim
432 1518 514 1576 aliud
534 1520 730 1588 quamobrem
749 1519 824 1576 mihi
844 1524 960 1590 percipi
979 1520 1057 1577 nihil

167 1620 254 1671 posse
269 1602 408 1658 videatur
422 1606 480 1659 nisi
494 1602 575 1672 quod
589 1603 779 1673 percipiendi
793 1607 836 1659 vis
851 1606 894 1658 ita
911 1602 1057 1661 definitur

166 1705 184 1740 a
199 1685 307 1743 Stoicis
321 1693 357 1742 ut
370 1692 488 1756 negent
501 1685 667 1756 quidquam
681 1705 769 1756 posse
784 1689 900 1757 percipi
917 1690 975 1744 nisi
993 1686 1056 1744 tale

166 1787 271 1825 verum
291 1768 380 1839 quale
400 1768 509 1826 falsum
530 1789 677 1826 essenon
700 1773 802 1841 possit.
848 1768 957 1839 ltaque
980 1769 1056 1827 haec

165 1852 307 1909 cumillis
322 1860 370 1910 est
384 1853 540 1923 dissensio,
555 1873 624 1909 cum
643 1852 853 1923 Peripateticis
869 1852 955 1909 nulla
972 1873 1053 1911 sane.

164 1934 226 1992 Sed
240 1935 315 1992 haec
330 1940 521 2003 omittamus;
542 1936 658 1993 habent
676 1941 757 1993 enim
777 1943 810 1993 et
830 1936 909 1992 bene
930 1936 1055 2007 longam

105 2023 142 2081 77
166 2025 198 2075 et
221 2023 292 2076 satis
316 2019 478 2090 litigiosam
501 2019 755 2090 disputationem3
777 2018 853 2075 illud
878 2019 955 2075 mihi
980 2040 998 2076 a
1023 2027 1056 2078 te

164 2105 291 2158 nimium
306 2101 490 2160 festinanter
504 2104 621 2160 dictum
634 2101 765 2172 videtur,
780 2105 935 2172 sapientes
950 2123 1057 2161 omnes

165 2204 231 2241 esse
246 2205 365 2256 semper
379 2187 492 2243 beatos.
538 2187 648 2243 Nescio
659 2185 810 2256 quomodo
820 2186 1057 2256 praetervolavit

164 2273 267 2324 oratio.
312 2267 403 2338 Quod
424 2274 482 2327 nisi
503 2274 546 2326 ita
569 2270 705 2336 efficitur,
727 2288 805 2338 quae
825 2268 1056 2340 Theophrastus

163 2350 202 2406 de
218 2349 349 2420 fortuna,
361 2352 400 2408 de
415 2353 529 2423 dolore,
541 2353 581 2409 de
596 2356 729 2409 cruciatu
742 2356 872 2422 corporis
884 2351 974 2423 dixit,
986 2373 1056 2412 cum

163 2433 271 2503 quibus
296 2439 440 2506 coniungi
465 2442 558 2493 vitam
588 2437 709 2493 beatam
737 2434 822 2492 nullo
850 2434 941 2493 modo
966 2457 1055 2508 posse

197 2590 243 2640 ²ei
255 2592 343 2652 MSS„
358 2593 431 2651 edd.;
449 2611 482 2643 ea
499 2600 554 2642 two
572 2593 616 2642 inf.
639 2593 731 2650 MSS.;
750 2593 868 2656 perhaps
881 2598 972 2656 potest
987 2611 1056 2660 quae

161 2657 311 2720 probabilia
322 2659 377 2708 sibi
387 2661 535 2709 videantur
541 2676 573 2708 ea
586 2659 628 2708 ed.

196 2834 239 2881 uA
252 2835 388 2884 reference
405 2841 434 2885 tc
451 2837 496 2884 the
514 2835 667 2899 scepticism
685 2836 716 2882 of
730 2836 775 2882 the
793 2835 861 2883 New
873 2834 1017 2901 Academy
1029 2837 1060 2886 os

164 2898 302 2949 Arcesilas
309 2902 365 2950 and
374 2901 545 2959 Carneades;
558 2902 628 2949 their
635 2900 780 2959 doctrines,
789 2901 848 2948 that
856 2902 992 2966 certainty
999 2919 1056 2952 was

165 2966 417 3015 unattainableand
434 2969 494 3014 that
512 2966 675 3015 reasonable
692 2965 857 3029 probability
870 2981 929 3014 was
947 2983 965 3015 a
984 2967 1056 3016 suffi-

164 3031 235 3081 cient
247 3031 330 3094 guide
341 3031 383 3082 for
394 3032 447 3091 life,
461 3047 508 3087 are
520 3032 633 3086 avowed
646 3032 682 3101 by
695 3031 790 3083 Cicero
807 3030 832 3079 in
850 3030 896 3078 the
915 3031 1056 3102 following

165 3105 314 3149 sentences·

246 3178 283 3236 47
288 3180 304 3232 8
